<?xml version="1.0" encoding="UTF-8"?>
<collection>
  <record>
    <leader>04742ntm a2200901 u 4500</leader>
    <controlfield tag="001">9983524100101488</controlfield>
    <controlfield tag="005">20151221075843.0</controlfield>
    <controlfield tag="008">111107s1705    xx      |     000 0 lat c</controlfield>
    <datafield tag="035" ind1=" " ind2=" ">
      <subfield code="a">(BeLVLBS)008352410LBS01-Aleph</subfield>
    </datafield>
    <datafield tag="035" ind1=" " ind2=" ">
      <subfield code="a">(EXLNZ-32KUL_LIBIS_NETWORK)9983524100101471</subfield>
    </datafield>
    <datafield tag="245" ind1="0" ind2="0">
      <subfield code="a">Dialectica.</subfield>
    </datafield>
    <datafield tag="246" ind1="1" ind2="3">
      <subfield code="a">Dialectica seu Manuductio ad Logicam dictata a Doctissimo Domino Joanne Corbion Dialecticæ professore in Gijmnasio S: S: Trinitas Lovanii. Hanc scripsit Petrus van Gils Oosterhoutanus 1705</subfield>
    </datafield>
    <datafield tag="260" ind1=" " ind2=" ">
      <subfield code="c">1705.</subfield>
    </datafield>
    <datafield tag="300" ind1=" " ind2=" ">
      <subfield code="a">104 f.</subfield>
      <subfield code="b">ill.</subfield>
      <subfield code="c">208 x 160 mm.</subfield>
    </datafield>
    <datafield tag="300" ind1=" " ind2=" ">
      <subfield code="a">Brown calf binding ; gold tooled spine with title &quot;Dialectica&quot;.</subfield>
    </datafield>
    <datafield tag="336" ind1=" " ind2=" ">
      <subfield code="a">text</subfield>
      <subfield code="2">rdacontent</subfield>
    </datafield>
    <datafield tag="337" ind1=" " ind2=" ">
      <subfield code="a">unmediated</subfield>
      <subfield code="2">rdamedia</subfield>
    </datafield>
    <datafield tag="338" ind1=" " ind2=" ">
      <subfield code="a">volume</subfield>
      <subfield code="2">rdacarrier</subfield>
    </datafield>
    <datafield tag="340" ind1=" " ind2=" ">
      <subfield code="e">Paper</subfield>
    </datafield>
    <datafield tag="351" ind1=" " ind2=" ">
      <subfield code="a">Band in bruin kalfsleder ; goud gestempelde rug met titel &quot;Dialectica&quot;.</subfield>
    </datafield>
    <datafield tag="500" ind1=" " ind2=" ">
      <subfield code="a">2 colophons</subfield>
    </datafield>
    <datafield tag="500" ind1=" " ind2=" ">
      <subfield code="a">Colophon on f. 21v  reads : En finis primae partis Dictata coronant</subfield>
    </datafield>
    <datafield tag="500" ind1=" " ind2=" ">
      <subfield code="a">Colophon on f. 104r reads : Petrus Cleijmans, Cleymans, Cleijmans, Cleymans, cleymans fine conorato nobilitatur opus</subfield>
    </datafield>
    <datafield tag="500" ind1=" " ind2=" ">
      <subfield code="a">Scribbeling on the endpapers at the beginning and end</subfield>
    </datafield>
    <datafield tag="505" ind1="0" ind2=" ">
      <subfield code="a">Dialectica seu manuductio ad logicam</subfield>
    </datafield>
    <datafield tag="505" ind1="0" ind2=" ">
      <subfield code="a">* Praefatio in Dialectiacam</subfield>
      <subfield code="g">f. 3r-4v</subfield>
    </datafield>
    <datafield tag="505" ind1="0" ind2=" ">
      <subfield code="a">* Tractatus de instrumentis sciendi</subfield>
      <subfield code="g">f. 5r-40v</subfield>
    </datafield>
    <datafield tag="505" ind1="0" ind2=" ">
      <subfield code="a">** De definitione</subfield>
      <subfield code="g">f. 5r-6r</subfield>
    </datafield>
    <datafield tag="505" ind1="0" ind2=" ">
      <subfield code="a">** De divisione</subfield>
      <subfield code="g">f. 6r-7r</subfield>
    </datafield>
    <datafield tag="505" ind1="0" ind2=" ">
      <subfield code="a">** Observanda a disputationibus [...]</subfield>
      <subfield code="g">f. 7v-8r</subfield>
    </datafield>
    <datafield tag="505" ind1="0" ind2=" ">
      <subfield code="a">* Dialecticae dictatorum pars prima in qua de universalia et individuo allisque eo pertinentibus agitur</subfield>
      <subfield code="g">f. 8r-21v</subfield>
    </datafield>
    <datafield tag="505" ind1="0" ind2=" ">
      <subfield code="a">* Annotata in partem primam Dialecticae</subfield>
      <subfield code="g">f. 22r-40v</subfield>
    </datafield>
    <datafield tag="505" ind1="0" ind2=" ">
      <subfield code="a">* Dialecticae dictatorum pars secunda</subfield>
      <subfield code="g">f. 42r-102v</subfield>
    </datafield>
    <datafield tag="505" ind1="0" ind2=" ">
      <subfield code="a">** Tractatus primus De signis et vocibus</subfield>
      <subfield code="g">f. 42r-54r</subfield>
    </datafield>
    <datafield tag="505" ind1="0" ind2=" ">
      <subfield code="a">** Tractatus secundus De enuntiatione</subfield>
      <subfield code="g">f. 54r-59v</subfield>
    </datafield>
    <datafield tag="505" ind1="0" ind2=" ">
      <subfield code="a">** Tractatus tertius De argumentatione materiali</subfield>
      <subfield code="g">f. 59v-71r</subfield>
    </datafield>
    <datafield tag="505" ind1="0" ind2=" ">
      <subfield code="a">** Annotata in secundam partem Dialecticae</subfield>
      <subfield code="g">f. 72r-102v</subfield>
    </datafield>
    <datafield tag="505" ind1="0" ind2=" ">
      <subfield code="a">Notes of Petrus Cleymans [= Clijmans]</subfield>
      <subfield code="g">f. 104r-104v</subfield>
    </datafield>
    <datafield tag="546" ind1=" " ind2=" ">
      <subfield code="a">Latin</subfield>
    </datafield>
    <datafield tag="653" ind1=" " ind2="6">
      <subfield code="a">Manuscripts</subfield>
    </datafield>
    <datafield tag="653" ind1=" " ind2="6">
      <subfield code="a">Lecture notes</subfield>
    </datafield>
    <datafield tag="700" ind1="1" ind2=" ">
      <subfield code="a">Corbion, Joannes</subfield>
      <subfield code="4">pfs</subfield>
      <subfield code="3">professor primarius</subfield>
    </datafield>
    <datafield tag="700" ind1="1" ind2=" ">
      <subfield code="a">van Gils, Petrus</subfield>
      <subfield code="4">stu</subfield>
    </datafield>
    <datafield tag="700" ind1="1" ind2=" ">
      <subfield code="a">Clijmans, Petrus</subfield>
      <subfield code="4">stu</subfield>
    </datafield>
    <datafield tag="700" ind1="1" ind2=" ">
      <subfield code="a">Haye, Michael</subfield>
      <subfield code="d">?-1676</subfield>
      <subfield code="g">Flemish printmaker, draftsman and publisher</subfield>
      <subfield code="4">egr</subfield>
    </datafield>
    <datafield tag="700" ind1="1" ind2=" ">
      <subfield code="a">Huybrechts, Peeter</subfield>
      <subfield code="d">1614-1660</subfield>
      <subfield code="g">Flemish printmaker and publisher</subfield>
      <subfield code="4">egr</subfield>
    </datafield>
    <datafield tag="830" ind1=" " ind2="0">
      <subfield code="a">Topica</subfield>
    </datafield>
    <datafield tag="830" ind1=" " ind2="0">
      <subfield code="a">Prooemium in Logicam</subfield>
    </datafield>
    <datafield tag="830" ind1=" " ind2="0">
      <subfield code="a">De vocibus</subfield>
    </datafield>
    <datafield tag="830" ind1=" " ind2="0">
      <subfield code="a">De signo</subfield>
    </datafield>
    <datafield tag="830" ind1=" " ind2="0">
      <subfield code="a">De instrumentis sciendi</subfield>
    </datafield>
    <datafield tag="830" ind1=" " ind2="0">
      <subfield code="a">De enuntiatione</subfield>
    </datafield>
    <datafield tag="830" ind1=" " ind2="0">
      <subfield code="a">De argumentatione materiali</subfield>
    </datafield>
    <datafield tag="856" ind1="4" ind2="0">
      <subfield code="u">http://resolver.lias.be/get_pid?view&amp;usagetype=VIEW_MAIN,VIEW&amp;pid=3143351</subfield>
      <subfield code="y">Online version in LIAS</subfield>
    </datafield>
    <datafield tag="856" ind1="4" ind2="0">
      <subfield code="u">http://resolver.lias.be/get_pid?view&amp;usagetype=VIEW_MAIN,VIEW&amp;pid=1033965</subfield>
      <subfield code="y">Online version in LIAS</subfield>
    </datafield>
    <datafield tag="852" ind1=" " ind2=" ">
      <subfield code="8">22320901890001488</subfield>
      <subfield code="b">GBIB</subfield>
      <subfield code="c">GBIB</subfield>
      <subfield code="h">PM0478</subfield>
    </datafield>
    <datafield tag="900" ind1=" " ind2=" ">
      <subfield code="a">CONSOLIDATED RECORD</subfield>
      <subfield code="b">KU Leuven</subfield>
    </datafield>
    <datafield tag="950" ind1=" " ind2=" ">
      <subfield code="a">some</subfield>
      <subfield code="b">ornamental initials</subfield>
    </datafield>
    <datafield tag="950" ind1=" " ind2=" ">
      <subfield code="a">f 1r :  coloured</subfield>
      <subfield code="b">engraved titlepage</subfield>
      <subfield code="c">Gymnasium SS. Trinitatis Deus unus (Apvd Michaelem Haye prope predicatores hibernos)</subfield>
    </datafield>
    <datafield tag="950" ind1=" " ind2=" ">
      <subfield code="a">f. 2r :</subfield>
      <subfield code="b">engraving(s)</subfield>
      <subfield code="c">Gymnasivm Sanctissimæ Trintiatis Lovany (Apud Michaelem Hayé Lovany prope Prædicatores Hybernos.)</subfield>
    </datafield>
    <datafield tag="950" ind1=" " ind2=" ">
      <subfield code="a">f. 9r : coloured</subfield>
      <subfield code="b">engraving(s)</subfield>
      <subfield code="c">Dialectica. 3.</subfield>
    </datafield>
    <datafield tag="950" ind1=" " ind2=" ">
      <subfield code="a">f. 11r : coloured</subfield>
      <subfield code="b">engraving(s)</subfield>
      <subfield code="c">De forma.et.svbiecto (Apud Michaëlem Hayé Louanij propè Pred. Hyb:)</subfield>
    </datafield>
    <datafield tag="950" ind1=" " ind2=" ">
      <subfield code="a">f. 15r : coloured</subfield>
      <subfield code="b">drawing(s)</subfield>
      <subfield code="c">Arbor Porphyrii</subfield>
    </datafield>
    <datafield tag="950" ind1=" " ind2=" ">
      <subfield code="a">f. 17v :</subfield>
      <subfield code="b">engraving(s)</subfield>
      <subfield code="c">Entia per accidens.</subfield>
    </datafield>
    <datafield tag="950" ind1=" " ind2=" ">
      <subfield code="a">f. 21v : coloured</subfield>
      <subfield code="b">pen drawing(s)</subfield>
      <subfield code="c">banner with text &quot;En finis primæ partis Dictata coronant&quot;</subfield>
    </datafield>
    <datafield tag="950" ind1=" " ind2=" ">
      <subfield code="a">f. 22r : coloured</subfield>
      <subfield code="b">pen drawing(s)</subfield>
      <subfield code="c">lion</subfield>
    </datafield>
    <datafield tag="950" ind1=" " ind2=" ">
      <subfield code="a">f. 35r :</subfield>
      <subfield code="b">engraving(s)</subfield>
      <subfield code="c">Salvator mvndi / De Indiuiduo</subfield>
    </datafield>
    <datafield tag="950" ind1=" " ind2=" ">
      <subfield code="a">f. 41v :</subfield>
      <subfield code="b">engraving(s)</subfield>
      <subfield code="c">De signo</subfield>
    </datafield>
    <datafield tag="950" ind1=" " ind2=" ">
      <subfield code="a">f. 43r : coloured</subfield>
      <subfield code="b">engraving(s)</subfield>
      <subfield code="c">De voce</subfield>
    </datafield>
    <datafield tag="950" ind1=" " ind2=" ">
      <subfield code="a">f. 46r :</subfield>
      <subfield code="b">engraving(s)</subfield>
      <subfield code="c">De eqvivocis (Michiel.Haye. exe. / P. Huybrechts fecit)</subfield>
    </datafield>
    <datafield tag="950" ind1=" " ind2=" ">
      <subfield code="a">f. 49v :</subfield>
      <subfield code="b">engraving(s)</subfield>
      <subfield code="c">De contradictoriis</subfield>
    </datafield>
    <datafield tag="950" ind1=" " ind2=" ">
      <subfield code="a">f. 60r :</subfield>
      <subfield code="b">engraving(s)</subfield>
      <subfield code="c">Tabvla oppositarvm (Apud Michaelem Hayé Lovany prope Prædoctpres Hybernos)</subfield>
    </datafield>
    <datafield tag="950" ind1=" " ind2=" ">
      <subfield code="a">f. 72r :</subfield>
      <subfield code="b">pen drawing(s)</subfield>
    </datafield>
    <datafield tag="950" ind1=" " ind2=" ">
      <subfield code="a">f. 85r :</subfield>
      <subfield code="b">engraving(s)</subfield>
      <subfield code="c">Repugnantia</subfield>
    </datafield>
    <datafield tag="950" ind1=" " ind2=" ">
      <subfield code="a">f. 100r :</subfield>
      <subfield code="b">engraving(s)</subfield>
      <subfield code="c">De sillogismo in baroco (Apud Michaelem Hanye Lovany Prope Prædicatores Hibernos Cum Preuil.)</subfield>
    </datafield>
    <datafield tag="950" ind1=" " ind2=" ">
      <subfield code="a">f. 102v :</subfield>
      <subfield code="b">pen drawing(s)</subfield>
      <subfield code="c">Orb (Globus Cruciger)</subfield>
    </datafield>
    <datafield tag="950" ind1=" " ind2=" ">
      <subfield code="a">f. 103v : coloured</subfield>
      <subfield code="b">engraving(s)</subfield>
      <subfield code="c">Fine coronato nobilitur opus.</subfield>
    </datafield>
    <datafield tag="952" ind1=" " ind2=" ">
      <subfield code="d">Leuven (Louvain)</subfield>
      <subfield code="e">Heilige-Drievuldigheidscollege</subfield>
      <subfield code="0">(ODIS-ORG)35504</subfield>
      <subfield code="f">Collegium Sanctissimae Trinitatis</subfield>
    </datafield>
    <datafield tag="953" ind1=" " ind2=" ">
      <subfield code="b">1701-1800</subfield>
    </datafield>
    <datafield tag="996" ind1=" " ind2=" ">
      <subfield code="a">GBIB</subfield>
      <subfield code="b">physical</subfield>
      <subfield code="c">201509</subfield>
      <subfield code="d">Lectio Magister dixit</subfield>
    </datafield>
  </record>