
  <record>
    <leader>11119ntm a2201861 u 4500</leader>
    <controlfield tag="001">9984692670101488</controlfield>
    <controlfield tag="005">20151221075510.0</controlfield>
    <controlfield tag="008">120216s1744    xx      |     000 0 lat c</controlfield>
    <datafield tag="035" ind1=" " ind2=" ">
      <subfield code="a">(BeLVLBS)008469267LBS01-Aleph</subfield>
    </datafield>
    <datafield tag="035" ind1=" " ind2=" ">
      <subfield code="a">(EXLNZ-32KUL_LIBIS_NETWORK)9984692670101471</subfield>
    </datafield>
    <datafield tag="245" ind1="0" ind2="0">
      <subfield code="a">Dialectica.</subfield>
    </datafield>
    <datafield tag="246" ind1="1" ind2="3">
      <subfield code="a">Dialectica sive ad logicam manuductio</subfield>
    </datafield>
    <datafield tag="260" ind1=" " ind2=" ">
      <subfield code="c">1744.</subfield>
    </datafield>
    <datafield tag="300" ind1=" " ind2=" ">
      <subfield code="a">232 f.</subfield>
      <subfield code="b">ill.</subfield>
      <subfield code="c">210 x 165 mm.</subfield>
    </datafield>
    <datafield tag="300" ind1=" " ind2=" ">
      <subfield code="a">Brown leather binding ; blind stamped boards ; gold tooled spine with title &quot;Dialectica&quot;.</subfield>
    </datafield>
    <datafield tag="336" ind1=" " ind2=" ">
      <subfield code="a">text</subfield>
      <subfield code="2">rdacontent</subfield>
    </datafield>
    <datafield tag="337" ind1=" " ind2=" ">
      <subfield code="a">unmediated</subfield>
      <subfield code="2">rdamedia</subfield>
    </datafield>
    <datafield tag="338" ind1=" " ind2=" ">
      <subfield code="a">volume</subfield>
      <subfield code="2">rdacarrier</subfield>
    </datafield>
    <datafield tag="340" ind1=" " ind2=" ">
      <subfield code="e">Paper</subfield>
    </datafield>
    <datafield tag="351" ind1=" " ind2=" ">
      <subfield code="a">Band in bruin leder ; blind gestempelde platten, goud gestempelde rug met titel &quot;Dialectica&quot;.</subfield>
    </datafield>
    <datafield tag="500" ind1=" " ind2=" ">
      <subfield code="a">3 colophons</subfield>
    </datafield>
    <datafield tag="500" ind1=" " ind2=" ">
      <subfield code="a">Colophon on f. 18r reads : Finis</subfield>
    </datafield>
    <datafield tag="500" ind1=" " ind2=" ">
      <subfield code="a">Colophon on f. 218r reads : Ad majorem Dei deiparaeque honorem et gloriam anno 1744</subfield>
    </datafield>
    <datafield tag="500" ind1=" " ind2=" ">
      <subfield code="a">Colophon on f. 232r reads Finis coronat opus</subfield>
    </datafield>
    <datafield tag="500" ind1=" " ind2=" ">
      <subfield code="a">x chronograms</subfield>
    </datafield>
    <datafield tag="500" ind1=" " ind2=" ">
      <subfield code="a">Chronogram on f. xx reads :</subfield>
    </datafield>
    <datafield tag="505" ind1="0" ind2=" ">
      <subfield code="a">Dialectica sive ad logicam manuductio</subfield>
    </datafield>
    <datafield tag="505" ind1="0" ind2=" ">
      <subfield code="a">Proemium</subfield>
      <subfield code="g">f. 2r-18r</subfield>
    </datafield>
    <datafield tag="505" ind1="0" ind2=" ">
      <subfield code="a">Dialecticae tractatus primi De terminis universalibus et praedicamentis</subfield>
      <subfield code="g">f. 19r-121v</subfield>
    </datafield>
    <datafield tag="505" ind1="0" ind2=" ">
      <subfield code="a">* Tractatus primi, pars prima De terminis</subfield>
      <subfield code="g">f. f. 19r-86v</subfield>
    </datafield>
    <datafield tag="505" ind1="0" ind2=" ">
      <subfield code="a">** Caput primum De terminorum varietate</subfield>
      <subfield code="g">f. 19r-61r</subfield>
    </datafield>
    <datafield tag="505" ind1="0" ind2=" ">
      <subfield code="a">*** Articulus primus De termino in genere</subfield>
      <subfield code="g">f. 19r-27v</subfield>
    </datafield>
    <datafield tag="505" ind1="0" ind2=" ">
      <subfield code="a">*** Articulus secundus De terminis in specie atque imprimis de termino categorematico syncategorematico et mixto</subfield>
      <subfield code="g">f. 27v-29r</subfield>
    </datafield>
    <datafield tag="505" ind1="0" ind2=" ">
      <subfield code="a">*** Articulus tertius De termino simplici et complexo</subfield>
      <subfield code="g">f. 29v-32r</subfield>
    </datafield>
    <datafield tag="505" ind1="0" ind2=" ">
      <subfield code="a">*** Articulus quartus De termino concreto et abstracto</subfield>
      <subfield code="g">f. 32r-36r</subfield>
    </datafield>
    <datafield tag="505" ind1="0" ind2=" ">
      <subfield code="a">*** Articulus quintus De termino intrinsece, extrinsece, denominato, connotativo, absoluto, denominativo, et denominante</subfield>
      <subfield code="g">f. 36v-39v</subfield>
    </datafield>
    <datafield tag="505" ind1="0" ind2=" ">
      <subfield code="a">*** Articulus sextus De termino univoco, aequivoco et anallogo</subfield>
      <subfield code="g">f. 41r-49v</subfield>
    </datafield>
    <datafield tag="505" ind1="0" ind2=" ">
      <subfield code="a">*** Articulus septimus De terminis comparatis sive, ut alii loquuntur, de habitudinibus vocum</subfield>
      <subfield code="g">f. 51r-57r</subfield>
    </datafield>
    <datafield tag="505" ind1="0" ind2=" ">
      <subfield code="a">*** Articulus octavus Exhibentur reliquae terminorum divisones</subfield>
      <subfield code="g">f. 57r-60v</subfield>
    </datafield>
    <datafield tag="505" ind1="0" ind2=" ">
      <subfield code="a">** Caput secundum De terminorum affectionibus</subfield>
      <subfield code="g">f. 61r- 67r</subfield>
    </datafield>
    <datafield tag="505" ind1="0" ind2=" ">
      <subfield code="a">*** Articulus primus De terminorum statu, distractione et ampliatione</subfield>
      <subfield code="g">f. 61r-63v</subfield>
    </datafield>
    <datafield tag="505" ind1="0" ind2=" ">
      <subfield code="a">*** Articulus secundus De determinatione</subfield>
      <subfield code="g">f. 63v-64v</subfield>
    </datafield>
    <datafield tag="505" ind1="0" ind2=" ">
      <subfield code="a">*** Articulus tertius De appellatione</subfield>
      <subfield code="g">f. 65r-65v</subfield>
    </datafield>
    <datafield tag="505" ind1="0" ind2=" ">
      <subfield code="a">*** Articulus quartus Regulae status, distractionis, ampliationis determinationis appellationis in ordine ad argumentationem</subfield>
      <subfield code="g">f. 66r-67r</subfield>
    </datafield>
    <datafield tag="505" ind1="0" ind2=" ">
      <subfield code="a">** Caput tertium De terminis vocalibus et scriptis</subfield>
      <subfield code="g">f. 67v-86v</subfield>
    </datafield>
    <datafield tag="505" ind1="0" ind2=" ">
      <subfield code="a">*** Articulus primus De signo</subfield>
      <subfield code="g">f. 67v-70v</subfield>
    </datafield>
    <datafield tag="505" ind1="0" ind2=" ">
      <subfield code="a">*** Articulus secundus De vocibus</subfield>
      <subfield code="g">f. 70v-75v</subfield>
    </datafield>
    <datafield tag="505" ind1="0" ind2=" ">
      <subfield code="a">*** Articulus tertius De scriptura</subfield>
      <subfield code="g">f. 75v-77r</subfield>
    </datafield>
    <datafield tag="505" ind1="0" ind2=" ">
      <subfield code="a">*** Articulus quartus De nomine</subfield>
      <subfield code="g">f. 77r-80v</subfield>
    </datafield>
    <datafield tag="505" ind1="0" ind2=" ">
      <subfield code="a">*** Articulus quintus De verbo</subfield>
      <subfield code="g">f. 80v-83v</subfield>
    </datafield>
    <datafield tag="505" ind1="0" ind2=" ">
      <subfield code="a">*** Articulus sextus Quid et quotduplex sit oratio</subfield>
      <subfield code="g">f. 84r-86v</subfield>
    </datafield>
    <datafield tag="505" ind1="0" ind2=" ">
      <subfield code="a">* Tractatus primi pars secunda De universalibus</subfield>
      <subfield code="g">f. 87r-115v</subfield>
    </datafield>
    <datafield tag="505" ind1="0" ind2=" ">
      <subfield code="a">** Caput primum De universali in genere et individuo</subfield>
      <subfield code="g">f. 87r-99r</subfield>
    </datafield>
    <datafield tag="505" ind1="0" ind2=" ">
      <subfield code="a">*** Articulus primus Quid sit universale et quotuplex</subfield>
      <subfield code="g">f. 87r-89r</subfield>
    </datafield>
    <datafield tag="505" ind1="0" ind2=" ">
      <subfield code="a">*** Articulus secundus An Deus sit universale logicum?</subfield>
      <subfield code="g">f. 89r-92r</subfield>
    </datafield>
    <datafield tag="505" ind1="0" ind2=" ">
      <subfield code="a">*** Articulus tertius An sol sit universale logicum?</subfield>
      <subfield code="g">f. 92r-94v</subfield>
    </datafield>
    <datafield tag="505" ind1="0" ind2=" ">
      <subfield code="a">*** Articulus quartus An individuum participet essentiam universalis?</subfield>
      <subfield code="g">f. 94v-99r</subfield>
    </datafield>
    <datafield tag="505" ind1="0" ind2=" ">
      <subfield code="a">** Caput secundum De universali in specie</subfield>
      <subfield code="g">f. 99r-115v</subfield>
    </datafield>
    <datafield tag="505" ind1="0" ind2=" ">
      <subfield code="a">*** Articulus primus Quid sit genus?</subfield>
      <subfield code="g">f. 99v-104r</subfield>
    </datafield>
    <datafield tag="505" ind1="0" ind2=" ">
      <subfield code="a">*** Articulus secundus Quid sit species?</subfield>
      <subfield code="g">f. 104r-107r</subfield>
    </datafield>
    <datafield tag="505" ind1="0" ind2=" ">
      <subfield code="a">*** Articulus tertius Quid sit differentia?</subfield>
      <subfield code="g">f. 107r-110v</subfield>
    </datafield>
    <datafield tag="505" ind1="0" ind2=" ">
      <subfield code="a">*** Articulus quartus Quid sit proprium et quotduplex</subfield>
      <subfield code="g">f. 110v-114r</subfield>
    </datafield>
    <datafield tag="505" ind1="0" ind2=" ">
      <subfield code="a">*** Articulus quintus Quid sit accidens, et quo [..] sit universale</subfield>
      <subfield code="g">f. 114r-115v</subfield>
    </datafield>
    <datafield tag="505" ind1="0" ind2=" ">
      <subfield code="a">* Tractatus primi pars tertia De categoriis sive praedicamentis</subfield>
      <subfield code="g">f. 115v-121v</subfield>
    </datafield>
    <datafield tag="505" ind1="0" ind2=" ">
      <subfield code="a">** Caput unicum De praedicamentis in genere et primo praedicamento substantiae</subfield>
      <subfield code="g">f. 115v-121v</subfield>
    </datafield>
    <datafield tag="505" ind1="0" ind2=" ">
      <subfield code="a">*** Articulus primus Quid sit categoria</subfield>
      <subfield code="g">f. 115v-117v</subfield>
    </datafield>
    <datafield tag="505" ind1="0" ind2=" ">
      <subfield code="a">*** Articulus secundus Quae conditiones requirantur, ut aliquid ponatur directe in praedicamento</subfield>
      <subfield code="g">f. 117v-119v</subfield>
    </datafield>
    <datafield tag="505" ind1="0" ind2=" ">
      <subfield code="a">*** Articulus tertius De praedicamento substantiae</subfield>
      <subfield code="g">f. 119v-121v</subfield>
    </datafield>
    <datafield tag="505" ind1="0" ind2=" ">
      <subfield code="a">Tractatus secundus De propositione definitione et suppositione</subfield>
      <subfield code="g">f. 122r-172r</subfield>
    </datafield>
    <datafield tag="505" ind1="0" ind2=" ">
      <subfield code="a">* Tractatus secundi pars prima De propositione, ejusque varietate et proprietatibus</subfield>
      <subfield code="g">f. 122r-145v</subfield>
    </datafield>
    <datafield tag="505" ind1="0" ind2=" ">
      <subfield code="a">** Caput primum</subfield>
      <subfield code="g">f. 122r-130r</subfield>
    </datafield>
    <datafield tag="505" ind1="0" ind2=" ">
      <subfield code="a">*** Articulus primus Quid sit propositio</subfield>
      <subfield code="g">f. 122r-125r</subfield>
    </datafield>
    <datafield tag="505" ind1="0" ind2=" ">
      <subfield code="a">*** Articulus secundus De propositionis varietate</subfield>
      <subfield code="g">f. 125r-130r</subfield>
    </datafield>
    <datafield tag="505" ind1="0" ind2=" ">
      <subfield code="a">** Caput secundum De proprietatibus, propositionis, absolutis</subfield>
      <subfield code="g">f. 130v-133v</subfield>
    </datafield>
    <datafield tag="505" ind1="0" ind2=" ">
      <subfield code="a">*** Articulus unicus De variatate et falsitate propositonis</subfield>
      <subfield code="g">f. 130v-133v</subfield>
    </datafield>
    <datafield tag="505" ind1="0" ind2=" ">
      <subfield code="a">** Caput tertium De proprietatibus propositionum relative, sive de oppositione et aequipollentia propositionum simplicum</subfield>
      <subfield code="g">f. 134r-145v</subfield>
    </datafield>
    <datafield tag="505" ind1="0" ind2=" ">
      <subfield code="a">*** Articulus primus De oppositione et repugnantia propositionum inn genere</subfield>
      <subfield code="g">f. 134r-139r</subfield>
    </datafield>
    <datafield tag="505" ind1="0" ind2=" ">
      <subfield code="a">*** Articulus secundus An et quae oppositae possint [...] simul verae, vel falsae</subfield>
      <subfield code="g">f. 139r-141r</subfield>
    </datafield>
    <datafield tag="505" ind1="0" ind2=" ">
      <subfield code="a">*** Articulus tertius Satisfit variis quaestionibus in hac materia</subfield>
      <subfield code="g">f. 141v-142v</subfield>
    </datafield>
    <datafield tag="505" ind1="0" ind2=" ">
      <subfield code="a">*** Articulus quartus De aequipollentia propositionum</subfield>
      <subfield code="g">f. 142v-145v</subfield>
    </datafield>
    <datafield tag="505" ind1="0" ind2=" ">
      <subfield code="a">*** Articulus quintus De conversatione propositionum</subfield>
      <subfield code="g">f. 145v</subfield>
    </datafield>
    <datafield tag="505" ind1="0" ind2=" ">
      <subfield code="a">* Tractatus secundi pars secunda De definiendi diviendique ratione</subfield>
      <subfield code="g">f. 146r-172r</subfield>
    </datafield>
    <datafield tag="505" ind1="0" ind2=" ">
      <subfield code="a">** Caput primum De definitione</subfield>
      <subfield code="g">f. 146r-153v</subfield>
    </datafield>
    <datafield tag="505" ind1="0" ind2=" ">
      <subfield code="a">*** Articulus primus Quid et quotuplex sit definitio</subfield>
      <subfield code="g">f. 146r-148v</subfield>
    </datafield>
    <datafield tag="505" ind1="0" ind2=" ">
      <subfield code="a">*** Articulus secundus Regulae definitiones</subfield>
      <subfield code="g">f. 148v-153v</subfield>
    </datafield>
    <datafield tag="505" ind1="0" ind2=" ">
      <subfield code="a">** Caput secundum De divisione</subfield>
      <subfield code="g">f. 153v-157v</subfield>
    </datafield>
    <datafield tag="505" ind1="0" ind2=" ">
      <subfield code="a">*** Articulus primus Quid et quotuplex sit divisio</subfield>
      <subfield code="g">f. 153v-156v</subfield>
    </datafield>
    <datafield tag="505" ind1="0" ind2=" ">
      <subfield code="a">*** Articulus secundus Regulae bonae divisionis</subfield>
      <subfield code="g">f. 156v-157v</subfield>
    </datafield>
    <datafield tag="505" ind1="0" ind2=" ">
      <subfield code="a">** Caput tertium De suppositione in genere</subfield>
      <subfield code="g">f. 157v-172r</subfield>
    </datafield>
    <datafield tag="505" ind1="0" ind2=" ">
      <subfield code="a">*** Articulus primus</subfield>
      <subfield code="g">f. 157v-159r</subfield>
    </datafield>
    <datafield tag="505" ind1="0" ind2=" ">
      <subfield code="a">*** Articulus secundus An voces supponant proprie pro rebus improprie, pro conceptibus</subfield>
      <subfield code="g">f. 159r-161v</subfield>
    </datafield>
    <datafield tag="505" ind1="0" ind2=" ">
      <subfield code="a">*** Articulus tertius De suppositione in specie, sive de suppositione formali et materiali</subfield>
      <subfield code="g">f. 161v-162r</subfield>
    </datafield>
    <datafield tag="505" ind1="0" ind2=" ">
      <subfield code="a">*** Articulus quartus De suppositione simplici et personali</subfield>
      <subfield code="g">f. 162r-164r</subfield>
    </datafield>
    <datafield tag="505" ind1="0" ind2=" ">
      <subfield code="a">*** Articulus quintus Quid suppositio singularis quid communis</subfield>
      <subfield code="g">f. 164r-165r</subfield>
    </datafield>
    <datafield tag="505" ind1="0" ind2=" ">
      <subfield code="a">*** Articulus sextus De relatione suppositionis per ascensum et descensum logicum</subfield>
      <subfield code="g">f. 165r-166r</subfield>
    </datafield>
    <datafield tag="505" ind1="0" ind2=" ">
      <subfield code="a">*** Articulus septimus Quae suppositionis signa</subfield>
      <subfield code="g">f. 166r-167r</subfield>
    </datafield>
    <datafield tag="505" ind1="0" ind2=" ">
      <subfield code="a">*** Articulus octavus Leges cognoscendi suppositionem ex signis</subfield>
      <subfield code="g">f. 167r-170r</subfield>
    </datafield>
    <datafield tag="505" ind1="0" ind2=" ">
      <subfield code="a">*** Articulus nonus Leges cognoscendi suppositionem sine signis</subfield>
      <subfield code="g">f. 170r-172r</subfield>
    </datafield>
    <datafield tag="505" ind1="0" ind2=" ">
      <subfield code="a">* Tractatus tertius</subfield>
      <subfield code="g">f. 172r-218r</subfield>
    </datafield>
    <datafield tag="505" ind1="0" ind2=" ">
      <subfield code="a">** Caput primum De argumentatione in genere</subfield>
      <subfield code="g">f. 172r-182v</subfield>
    </datafield>
    <datafield tag="505" ind1="0" ind2=" ">
      <subfield code="a">*** Articulus primus Quid sit argumentatio</subfield>
      <subfield code="g">f. 172r-174r</subfield>
    </datafield>
    <datafield tag="505" ind1="0" ind2=" ">
      <subfield code="a">*** Articulus secundus Quid sit quaestio, medium, argumentum locus</subfield>
      <subfield code="g">f. 174v-176v</subfield>
    </datafield>
    <datafield tag="505" ind1="0" ind2=" ">
      <subfield code="a">*** Articulus tertius Quotuplex sit argumentatio</subfield>
      <subfield code="g">f. 176v-182v</subfield>
    </datafield>
    <datafield tag="505" ind1="0" ind2=" ">
      <subfield code="a">** Caput secundum Quae sit meteria seu principia materialia syllogismi</subfield>
      <subfield code="g">f. 183r-185v</subfield>
    </datafield>
    <datafield tag="505" ind1="0" ind2=" ">
      <subfield code="a">** Caput tertium Regulae consequentiarum</subfield>
      <subfield code="g">f. 185v-192v</subfield>
    </datafield>
    <datafield tag="505" ind1="0" ind2=" ">
      <subfield code="a">** Caput quartum De syllogismorum figuris et modis</subfield>
      <subfield code="g">f. 192v-195v</subfield>
    </datafield>
    <datafield tag="505" ind1="0" ind2=" ">
      <subfield code="a">*** Articulus primus Quotuplex sit figura et modus syllogimi simplicis</subfield>
      <subfield code="g">f. 192v-195v</subfield>
    </datafield>
    <datafield tag="505" ind1="0" ind2=" ">
      <subfield code="a">** Caput quintum De principiis et regulis syllogismi simplicis</subfield>
      <subfield code="g">f. 197r-202v</subfield>
    </datafield>
    <datafield tag="505" ind1="0" ind2=" ">
      <subfield code="a">** Caput sextum De reductione syllogismi simplicis</subfield>
      <subfield code="g">f. 202v-203v</subfield>
    </datafield>
    <datafield tag="505" ind1="0" ind2=" ">
      <subfield code="a">** Caput septimum De circulo argumentationis</subfield>
      <subfield code="g">f. 204r-204v</subfield>
    </datafield>
    <datafield tag="505" ind1="0" ind2=" ">
      <subfield code="a">** Caput octavum De sophismate</subfield>
      <subfield code="g">f. 204v-205r</subfield>
    </datafield>
    <datafield tag="505" ind1="0" ind2=" ">
      <subfield code="a">** Caput nonum Quae sint fallaciae in dictione</subfield>
      <subfield code="g">f. 205r-206r</subfield>
    </datafield>
    <datafield tag="505" ind1="0" ind2=" ">
      <subfield code="a">** Caput decimum De fallaciis extra dictionem</subfield>
      <subfield code="g">f. 206r-207v</subfield>
    </datafield>
    <datafield tag="505" ind1="0" ind2=" ">
      <subfield code="a">Appendix De natura et objecto dialecticae</subfield>
      <subfield code="g">f. 208r-220v</subfield>
    </datafield>
    <datafield tag="505" ind1="0" ind2=" ">
      <subfield code="a">* Articulus primus Quid sit dialectica</subfield>
      <subfield code="g">f. 208r-210r</subfield>
    </datafield>
    <datafield tag="505" ind1="0" ind2=" ">
      <subfield code="a">* Articulus secundus An dialectica sit scientia?</subfield>
      <subfield code="g">f. 210r-212v</subfield>
    </datafield>
    <datafield tag="505" ind1="0" ind2=" ">
      <subfield code="a">* Articulus tertius An dialectica sit scientia practica</subfield>
      <subfield code="g">f. 212v-213v</subfield>
    </datafield>
    <datafield tag="505" ind1="0" ind2=" ">
      <subfield code="a">* Articulus quartus De objecto dialecticae</subfield>
      <subfield code="g">f. 213v-215v</subfield>
    </datafield>
    <datafield tag="505" ind1="0" ind2=" ">
      <subfield code="a">* Articulus quintus Solutio objectionum</subfield>
      <subfield code="g">f. 216r-216v</subfield>
    </datafield>
    <datafield tag="505" ind1="0" ind2=" ">
      <subfield code="a">* Articulus Utrum dialectica sit necessaria ad alias scientias</subfield>
      <subfield code="g">f. 216v-218r</subfield>
    </datafield>
    <datafield tag="505" ind1="0" ind2=" ">
      <subfield code="a">* Figura</subfield>
      <subfield code="g">f. 218v-220v</subfield>
    </datafield>
    <datafield tag="505" ind1="0" ind2=" ">
      <subfield code="a">Theses dialecticae Thesis prima - [thesis decima sexta]</subfield>
      <subfield code="g">f. 221r-228r</subfield>
    </datafield>
    <datafield tag="546" ind1=" " ind2=" ">
      <subfield code="a">Latin</subfield>
    </datafield>
    <datafield tag="653" ind1=" " ind2="6">
      <subfield code="a">Manuscripts</subfield>
    </datafield>
    <datafield tag="653" ind1=" " ind2="6">
      <subfield code="a">Lecture notes</subfield>
    </datafield>
    <datafield tag="700" ind1="1" ind2=" ">
      <subfield code="a">Crepy, Louis</subfield>
      <subfield code="d">1680-na1754</subfield>
      <subfield code="4">egr</subfield>
    </datafield>
    <datafield tag="830" ind1=" " ind2="0">
      <subfield code="a">Prooemium in Logicam</subfield>
    </datafield>
    <datafield tag="830" ind1=" " ind2="0">
      <subfield code="a">Praedicamenta</subfield>
    </datafield>
    <datafield tag="830" ind1=" " ind2="0">
      <subfield code="a">De universali</subfield>
    </datafield>
    <datafield tag="830" ind1=" " ind2="0">
      <subfield code="a">De terminis</subfield>
    </datafield>
    <datafield tag="830" ind1=" " ind2="0">
      <subfield code="a">De propositionibus</subfield>
    </datafield>
    <datafield tag="830" ind1=" " ind2="0">
      <subfield code="a">De argumentatione</subfield>
    </datafield>
    <datafield tag="830" ind1=" " ind2="0">
      <subfield code="a">Categoriae</subfield>
    </datafield>
    <datafield tag="856" ind1="4" ind2="0">
      <subfield code="u">http://resolver.lias.be/get_pid?view&amp;usagetype=VIEW_MAIN,VIEW&amp;pid=3148461</subfield>
      <subfield code="y">Online version in LIAS</subfield>
    </datafield>
    <datafield tag="856" ind1="4" ind2="0">
      <subfield code="u">http://resolver.lias.be/get_pid?view&amp;usagetype=VIEW_MAIN,VIEW&amp;pid=1028380</subfield>
      <subfield code="y">Online version in LIAS</subfield>
    </datafield>
    <datafield tag="852" ind1=" " ind2=" ">
      <subfield code="8">22323047310001488</subfield>
      <subfield code="b">GBIB</subfield>
      <subfield code="c">GBIB</subfield>
      <subfield code="h">PM0334</subfield>
    </datafield>
    <datafield tag="900" ind1=" " ind2=" ">
      <subfield code="a">CONSOLIDATED RECORD</subfield>
      <subfield code="b">KU Leuven</subfield>
    </datafield>
    <datafield tag="950" ind1=" " ind2=" ">
      <subfield code="a">Pasted on f. 1r :</subfield>
      <subfield code="b">engraving(s)</subfield>
      <subfield code="c">Sainte Catherine (Crepy ex.)</subfield>
    </datafield>
    <datafield tag="950" ind1=" " ind2=" ">
      <subfield code="a">f. 1r :</subfield>
      <subfield code="b">pen drawing(s)</subfield>
      <subfield code="c">Ars desserendi dialectica</subfield>
    </datafield>
    <datafield tag="950" ind1=" " ind2=" ">
      <subfield code="a">f. 9r :</subfield>
      <subfield code="b">pen drawing(s)</subfield>
      <subfield code="c">Virtualiter</subfield>
    </datafield>
    <datafield tag="950" ind1=" " ind2=" ">
      <subfield code="a">f. 10v :</subfield>
      <subfield code="b">pen drawing(s)</subfield>
      <subfield code="c">Virtualiter</subfield>
    </datafield>
    <datafield tag="950" ind1=" " ind2=" ">
      <subfield code="a">f. 12v :</subfield>
      <subfield code="b">pen drawing(s)</subfield>
      <subfield code="c">De certitudine morali</subfield>
    </datafield>
    <datafield tag="950" ind1=" " ind2=" ">
      <subfield code="a">f. 14v :</subfield>
      <subfield code="b">pen drawing(s)</subfield>
      <subfield code="c">Lapis per se centrum petit, per accidens caput hujus hominis</subfield>
    </datafield>
    <datafield tag="950" ind1=" " ind2=" ">
      <subfield code="a">f. 17v :</subfield>
      <subfield code="b">pen drawing(s)</subfield>
      <subfield code="c">Cæcitas quid positive, quid negative</subfield>
    </datafield>
    <datafield tag="950" ind1=" " ind2=" ">
      <subfield code="a">f. 22r :</subfield>
      <subfield code="b">pen drawing(s)</subfield>
      <subfield code="c">De hedera</subfield>
    </datafield>
    <datafield tag="950" ind1=" " ind2=" ">
      <subfield code="a">f. 31v :</subfield>
      <subfield code="b">pen drawing(s)</subfield>
      <subfield code="c">De concretis</subfield>
    </datafield>
    <datafield tag="950" ind1=" " ind2=" ">
      <subfield code="a">f. 40v :</subfield>
      <subfield code="b">pen drawing(s)</subfield>
      <subfield code="c">De univocis</subfield>
    </datafield>
    <datafield tag="950" ind1=" " ind2=" ">
      <subfield code="a">f. 42v :</subfield>
      <subfield code="b">pen drawing(s)</subfield>
      <subfield code="c">ros marius et ros matutinus</subfield>
    </datafield>
    <datafield tag="950" ind1=" " ind2=" ">
      <subfield code="a">f. 43r :</subfield>
      <subfield code="b">pen drawing(s)</subfield>
      <subfield code="c">De æquivocis</subfield>
    </datafield>
    <datafield tag="950" ind1=" " ind2=" ">
      <subfield code="a">f. 50v :</subfield>
      <subfield code="b">pen drawing(s)</subfield>
      <subfield code="c">De repugnantia</subfield>
    </datafield>
    <datafield tag="950" ind1=" " ind2=" ">
      <subfield code="a">f. 52v :</subfield>
      <subfield code="b">pen drawing(s)</subfield>
      <subfield code="c">De contradictorijs</subfield>
    </datafield>
    <datafield tag="950" ind1=" " ind2=" ">
      <subfield code="a">f. 100r : coloured</subfield>
      <subfield code="b">engraving(s)</subfield>
      <subfield code="c">Arbor Porphyrii</subfield>
    </datafield>
    <datafield tag="950" ind1=" " ind2=" ">
      <subfield code="a">f. 135v :</subfield>
      <subfield code="b">pen drawing(s)</subfield>
      <subfield code="c">Tabula oppositarum</subfield>
    </datafield>
    <datafield tag="950" ind1=" " ind2=" ">
      <subfield code="a">f. 143r :</subfield>
      <subfield code="b">pen drawing(s)</subfield>
      <subfield code="c">tabula æquipollentium</subfield>
    </datafield>
    <datafield tag="950" ind1=" " ind2=" ">
      <subfield code="a">f. 154v :</subfield>
      <subfield code="b">pen drawing(s)</subfield>
      <subfield code="c">De divisione</subfield>
    </datafield>
    <datafield tag="950" ind1=" " ind2=" ">
      <subfield code="a">f. 196v :</subfield>
      <subfield code="b">pen drawing(s)</subfield>
      <subfield code="c">In baroco</subfield>
    </datafield>
    <datafield tag="950" ind1=" " ind2=" ">
      <subfield code="a">f. 232r : coloured</subfield>
      <subfield code="b">pen drawing(s)</subfield>
      <subfield code="c">Fiis cornat opus</subfield>
    </datafield>
    <datafield tag="952" ind1=" " ind2=" ">
      <subfield code="d">Leuven (Louvain)</subfield>
      <subfield code="e">Pedagogie onbekend</subfield>
      <subfield code="f">Faculty of Arts, pedagogy unknown</subfield>
    </datafield>
    <datafield tag="953" ind1=" " ind2=" ">
      <subfield code="b">1701-1800</subfield>
    </datafield>
    <datafield tag="996" ind1=" " ind2=" ">
      <subfield code="a">GBIB</subfield>
      <subfield code="b">physical</subfield>
      <subfield code="c">201509</subfield>
      <subfield code="d">Lectio Magister dixit</subfield>
    </datafield>
  </record>