
  <record>
    <leader>05680ntm a2201117 u 4500</leader>
    <controlfield tag="001">9977413430101488</controlfield>
    <controlfield tag="005">20151221075416.0</controlfield>
    <controlfield tag="008">101021s1669    xx      |     000 0 lat c</controlfield>
    <datafield tag="035" ind1=" " ind2=" ">
      <subfield code="a">(BeLVLBS)007741343LBS01-Aleph</subfield>
    </datafield>
    <datafield tag="035" ind1=" " ind2=" ">
      <subfield code="a">(EXLNZ-32KUL_LIBIS_NETWORK)9977413430101471</subfield>
    </datafield>
    <datafield tag="245" ind1="0" ind2="0">
      <subfield code="a">Liber Anteprædicamentorum Aristotelis.</subfield>
    </datafield>
    <datafield tag="246" ind1="1" ind2="3">
      <subfield code="a">Liber Antepredicamentorum Aristotelis</subfield>
    </datafield>
    <datafield tag="246" ind1="1" ind2="3">
      <subfield code="a">Liber Anteproedicamentorum Aristotelis</subfield>
    </datafield>
    <datafield tag="246" ind1="1" ind2="3">
      <subfield code="a">Logica II</subfield>
      <subfield code="b">Liber Antepredicamentorum Aristotelis</subfield>
    </datafield>
    <datafield tag="260" ind1=" " ind2=" ">
      <subfield code="c">1669.</subfield>
    </datafield>
    <datafield tag="300" ind1=" " ind2=" ">
      <subfield code="a">90 f.</subfield>
      <subfield code="b">ill.</subfield>
      <subfield code="c">198 x 158 mm.</subfield>
    </datafield>
    <datafield tag="300" ind1=" " ind2=" ">
      <subfield code="a">Cardboard binding ; half leather binding, spine with parchment, boards with marbled paper</subfield>
    </datafield>
    <datafield tag="336" ind1=" " ind2=" ">
      <subfield code="a">text</subfield>
      <subfield code="2">rdacontent</subfield>
    </datafield>
    <datafield tag="337" ind1=" " ind2=" ">
      <subfield code="a">unmediated</subfield>
      <subfield code="2">rdamedia</subfield>
    </datafield>
    <datafield tag="338" ind1=" " ind2=" ">
      <subfield code="a">volume</subfield>
      <subfield code="2">rdacarrier</subfield>
    </datafield>
    <datafield tag="340" ind1=" " ind2=" ">
      <subfield code="e">Paper</subfield>
    </datafield>
    <datafield tag="351" ind1=" " ind2=" ">
      <subfield code="a">Band in karton ; rug met perkament overtrokken, platten met gemarmerd papier.</subfield>
    </datafield>
    <datafield tag="505" ind1="0" ind2=" ">
      <subfield code="a">Liber Antepraedicamentorum Aristotelis</subfield>
      <subfield code="g">f. 1v-55v</subfield>
    </datafield>
    <datafield tag="505" ind1="0" ind2=" ">
      <subfield code="a">* De praedicamento et linea praedicamentali</subfield>
      <subfield code="g">f. 2r-2v</subfield>
    </datafield>
    <datafield tag="505" ind1="0" ind2=" ">
      <subfield code="a">* De linea praedicamentali</subfield>
      <subfield code="g">f. 2v</subfield>
    </datafield>
    <datafield tag="505" ind1="0" ind2=" ">
      <subfield code="a">* De substantia</subfield>
      <subfield code="g">f. 5r-6r</subfield>
    </datafield>
    <datafield tag="505" ind1="0" ind2=" ">
      <subfield code="a">* Divisio substantia</subfield>
      <subfield code="g">f. 6v-9r</subfield>
    </datafield>
    <datafield tag="505" ind1="0" ind2=" ">
      <subfield code="a">* Quomodo caetera entia dependeant a substantia</subfield>
      <subfield code="g">f. 9r</subfield>
    </datafield>
    <datafield tag="505" ind1="0" ind2=" ">
      <subfield code="a">* Quinta proprietas substantiae</subfield>
      <subfield code="g">f. 9v-12v</subfield>
    </datafield>
    <datafield tag="505" ind1="0" ind2=" ">
      <subfield code="a">* Sexta proprietas substantiae</subfield>
      <subfield code="g">f. 12v-13v</subfield>
    </datafield>
    <datafield tag="505" ind1="0" ind2=" ">
      <subfield code="a">* De accidente</subfield>
      <subfield code="g">f. 13v</subfield>
    </datafield>
    <datafield tag="505" ind1="0" ind2=" ">
      <subfield code="a">* De quantitate</subfield>
      <subfield code="g">f. 13v-16r</subfield>
    </datafield>
    <datafield tag="505" ind1="0" ind2=" ">
      <subfield code="a">* Divisio quantitatis aptitudinalis</subfield>
      <subfield code="g">f. 16r</subfield>
    </datafield>
    <datafield tag="505" ind1="0" ind2=" ">
      <subfield code="a">* De quantitate continua et discreta</subfield>
      <subfield code="g">f. 16r-16v</subfield>
    </datafield>
    <datafield tag="505" ind1="0" ind2=" ">
      <subfield code="a">* Divisio quantitatis continua</subfield>
      <subfield code="g">f. 16v-18r</subfield>
    </datafield>
    <datafield tag="505" ind1="0" ind2=" ">
      <subfield code="a">* De tempore</subfield>
      <subfield code="g">18r-18v</subfield>
    </datafield>
    <datafield tag="505" ind1="0" ind2=" ">
      <subfield code="a">* De magnitudine</subfield>
      <subfield code="g">f. 18v-21r</subfield>
    </datafield>
    <datafield tag="505" ind1="0" ind2=" ">
      <subfield code="a">* Tertia proprietas quantitatis</subfield>
      <subfield code="g">f. 21r-21v</subfield>
    </datafield>
    <datafield tag="505" ind1="0" ind2=" ">
      <subfield code="a">* De dimentione</subfield>
      <subfield code="g">f. 21v-25v</subfield>
    </datafield>
    <datafield tag="505" ind1="0" ind2=" ">
      <subfield code="a">*De praedicamento relationis seu ad alquid</subfield>
      <subfield code="g">f. 25v-31r</subfield>
    </datafield>
    <datafield tag="505" ind1="0" ind2=" ">
      <subfield code="a">* Prima [-quarta] divisio relationis</subfield>
      <subfield code="g">f. 31r-34v</subfield>
    </datafield>
    <datafield tag="505" ind1="0" ind2=" ">
      <subfield code="a">* An relatio intendatur et remittatur</subfield>
      <subfield code="g">f. 34v-35r</subfield>
    </datafield>
    <datafield tag="505" ind1="0" ind2=" ">
      <subfield code="a">* Quarta proprietas relationis</subfield>
      <subfield code="g">f. 35r-36v</subfield>
    </datafield>
    <datafield tag="505" ind1="0" ind2=" ">
      <subfield code="a">*De praedicamento qualitatis quid sit qualitas et quotuplex</subfield>
      <subfield code="g">f. 38r</subfield>
    </datafield>
    <datafield tag="505" ind1="0" ind2=" ">
      <subfield code="a">* Divisio qualitatis</subfield>
      <subfield code="g">f. 38r-39v</subfield>
    </datafield>
    <datafield tag="505" ind1="0" ind2=" ">
      <subfield code="a">* Divisio qualitatis</subfield>
      <subfield code="g">f. 39v-40v</subfield>
    </datafield>
    <datafield tag="505" ind1="0" ind2=" ">
      <subfield code="a">* De prima specie qualitatis</subfield>
      <subfield code="g">f. 40v-42v</subfield>
    </datafield>
    <datafield tag="505" ind1="0" ind2=" ">
      <subfield code="a">* Divisio qualitatis prima speciei</subfield>
      <subfield code="g">f. 42v-43r</subfield>
    </datafield>
    <datafield tag="505" ind1="0" ind2=" ">
      <subfield code="a">* Subdivisio qualitatis prima speciei</subfield>
      <subfield code="g">f. 43r</subfield>
    </datafield>
    <datafield tag="505" ind1="0" ind2=" ">
      <subfield code="a">* Secunda divisio habitus</subfield>
      <subfield code="g">f. 43r-44r</subfield>
    </datafield>
    <datafield tag="505" ind1="0" ind2=" ">
      <subfield code="a">* De secunda specie qualitatis</subfield>
      <subfield code="g">f. 44r-47r</subfield>
    </datafield>
    <datafield tag="505" ind1="0" ind2=" ">
      <subfield code="a">* De qualitate tertia speciei</subfield>
      <subfield code="g">f. 47r-49r</subfield>
    </datafield>
    <datafield tag="505" ind1="0" ind2=" ">
      <subfield code="a">* De qualitate quarta speciei</subfield>
      <subfield code="g">f. 49r-49v</subfield>
    </datafield>
    <datafield tag="505" ind1="0" ind2=" ">
      <subfield code="a">* Divisio figura</subfield>
      <subfield code="g">f. 49v</subfield>
    </datafield>
    <datafield tag="505" ind1="0" ind2=" ">
      <subfield code="a">* Prima [-tertia] proprietas qualitatis</subfield>
      <subfield code="g">f. 49v-55v</subfield>
    </datafield>
    <datafield tag="505" ind1="0" ind2=" ">
      <subfield code="a">Postpraedicamentorum Aristotelis</subfield>
      <subfield code="g">f. 56v-89r</subfield>
    </datafield>
    <datafield tag="505" ind1="0" ind2=" ">
      <subfield code="a">* De repugnantibus realibus</subfield>
      <subfield code="g">f. 58r-60v</subfield>
    </datafield>
    <datafield tag="505" ind1="0" ind2=" ">
      <subfield code="a">* Diviso repugnantium</subfield>
      <subfield code="g">f. 61r-63r</subfield>
    </datafield>
    <datafield tag="505" ind1="0" ind2=" ">
      <subfield code="a">* De negatione reali</subfield>
      <subfield code="g">f. 63r-66v</subfield>
    </datafield>
    <datafield tag="505" ind1="0" ind2=" ">
      <subfield code="a">* De privative oppositis</subfield>
      <subfield code="g">f. 66v-67v</subfield>
    </datafield>
    <datafield tag="505" ind1="0" ind2=" ">
      <subfield code="a">* De repugnantia abstractim sumpta</subfield>
      <subfield code="g">f. 69r-71v</subfield>
    </datafield>
    <datafield tag="505" ind1="0" ind2=" ">
      <subfield code="a">* Subdivisio repugnatium [...] de oppositis et disparatis</subfield>
      <subfield code="g">f. 72r-78r</subfield>
    </datafield>
    <datafield tag="505" ind1="0" ind2=" ">
      <subfield code="a">* Divisio oppositorum [...] de relative oppositis</subfield>
      <subfield code="g">f. 78v-80r</subfield>
    </datafield>
    <datafield tag="505" ind1="0" ind2=" ">
      <subfield code="a">* De contrariis</subfield>
      <subfield code="g">f. 80r-81v</subfield>
    </datafield>
    <datafield tag="505" ind1="0" ind2=" ">
      <subfield code="a">* Divisio contrariorum</subfield>
      <subfield code="g">f. 83r-85v</subfield>
    </datafield>
    <datafield tag="505" ind1="0" ind2=" ">
      <subfield code="a">* De contradictoriis</subfield>
      <subfield code="g">85v-89r</subfield>
    </datafield>
    <datafield tag="546" ind1=" " ind2=" ">
      <subfield code="a">Latin</subfield>
    </datafield>
    <datafield tag="653" ind1=" " ind2="6">
      <subfield code="a">Manuscripts</subfield>
    </datafield>
    <datafield tag="653" ind1=" " ind2="6">
      <subfield code="a">Lecture notes</subfield>
    </datafield>
    <datafield tag="700" ind1="1" ind2=" ">
      <subfield code="a">Damman, Petrus</subfield>
      <subfield code="d">1634-1692</subfield>
      <subfield code="4">pfs</subfield>
    </datafield>
    <datafield tag="700" ind1="1" ind2=" ">
      <subfield code="a">Faes, Cornelius</subfield>
      <subfield code="d">†1694</subfield>
      <subfield code="4">pfs</subfield>
    </datafield>
    <datafield tag="700" ind1="1" ind2=" ">
      <subfield code="a">van Cantelbeke, Henricus Joannes</subfield>
      <subfield code="4">stu</subfield>
    </datafield>
    <datafield tag="700" ind1="1" ind2=" ">
      <subfield code="a">de Passe, Crispijn</subfield>
      <subfield code="b">I</subfield>
      <subfield code="d">1564-1637</subfield>
      <subfield code="g">Flemish publisher, painter, printmaker</subfield>
      <subfield code="3">designer</subfield>
      <subfield code="4">egr</subfield>
    </datafield>
    <datafield tag="700" ind1="1" ind2=" ">
      <subfield code="a">Piccino, J.</subfield>
      <subfield code="4">egr</subfield>
    </datafield>
    <datafield tag="856" ind1="4" ind2="0">
      <subfield code="u">http://resolver.lias.be/get_pid?view&amp;usagetype=VIEW_MAIN,VIEW&amp;pid=770390</subfield>
      <subfield code="y">Online version in LIAS</subfield>
    </datafield>
    <datafield tag="830" ind1=" " ind2="0">
      <subfield code="a">Praedicamenta</subfield>
    </datafield>
    <datafield tag="830" ind1=" " ind2="0">
      <subfield code="a">Categoriae</subfield>
    </datafield>
    <datafield tag="852" ind1=" " ind2=" ">
      <subfield code="8">22317325220001488</subfield>
      <subfield code="b">BIBC</subfield>
      <subfield code="c">BRES</subfield>
      <subfield code="h">Ms. 206</subfield>
    </datafield>
    <datafield tag="900" ind1=" " ind2=" ">
      <subfield code="a">CONSOLIDATED RECORD</subfield>
      <subfield code="b">KU Leuven</subfield>
    </datafield>
    <datafield tag="950" ind1=" " ind2=" ">
      <subfield code="a">f. 1r, 2r, 2v, 5r, 6v, 9r, 9v, 12v, 13v, 16r, 16v, 18r, 18v, 21r, 21v, 25v, 31r, 32r, 33r, 34r, 34v, 35r, 38r, 39v, 40v, 42v, 43r, 44r, 47r, 49r, 49v, 51v, 52v, 58r, 61r, 63r, 66v, 69r, 72r, 78v, 80r, 83r, 85v : page with ornamental</subfield>
      <subfield code="b">initials</subfield>
    </datafield>
    <datafield tag="950" ind1=" " ind2=" ">
      <subfield code="a">f. 3v : engraved</subfield>
      <subfield code="b">portrait(s)</subfield>
      <subfield code="c">Maximilianvs. I (G. de Pas ex.)</subfield>
    </datafield>
    <datafield tag="950" ind1=" " ind2=" ">
      <subfield code="a">f. 4r : engraved</subfield>
      <subfield code="b">portrait(s)</subfield>
      <subfield code="c">Fridericvs. III. (Cris. de pas exc.)</subfield>
    </datafield>
    <datafield tag="950" ind1=" " ind2=" ">
      <subfield code="a">Pasted on f. 7v :</subfield>
      <subfield code="b">engraving(s)</subfield>
      <subfield code="c">farmer relieves himself under a three</subfield>
    </datafield>
    <datafield tag="950" ind1=" " ind2=" ">
      <subfield code="a">f. 19r :</subfield>
      <subfield code="b">pen drawing(s)</subfield>
      <subfield code="c">Impensa perdita (HIVC fecit)</subfield>
    </datafield>
    <datafield tag="950" ind1=" " ind2=" ">
      <subfield code="a">f. 26v : engraved</subfield>
      <subfield code="b">portrait(s)</subfield>
      <subfield code="c">IV Cæsar (Crispian de Pas excud.)</subfield>
    </datafield>
    <datafield tag="950" ind1=" " ind2=" ">
      <subfield code="a">f. 27r :</subfield>
      <subfield code="b">pen drawing(s)</subfield>
      <subfield code="c">Castrum J. Caesaris apud Grudios [= Nervii, tribe in Gallia] 1669 (F. W. invent: H:I:V.C: fecit)</subfield>
    </datafield>
    <datafield tag="950" ind1=" " ind2=" ">
      <subfield code="a">f. 36v :</subfield>
      <subfield code="b">pen drawing(s)</subfield>
      <subfield code="c">banner with text &quot;Auxilium suis Deus A.° 1669&quot;</subfield>
    </datafield>
    <datafield tag="950" ind1=" " ind2=" ">
      <subfield code="a">f. 37v :</subfield>
      <subfield code="b">engraving(s)</subfield>
      <subfield code="c">Ist dat Niet Een Vremde Saeck Den Tartar doodt den fellen Draeck Half Mensche half beest (Piceino f)</subfield>
    </datafield>
    <datafield tag="950" ind1=" " ind2=" ">
      <subfield code="a">f. 50r :</subfield>
      <subfield code="b">engraving(s)</subfield>
      <subfield code="c">Asia (Michael Haijeé excud.)</subfield>
    </datafield>
    <datafield tag="950" ind1=" " ind2=" ">
      <subfield code="a">f. 56v :</subfield>
      <subfield code="b">pen drawing(s)</subfield>
      <subfield code="c">wyvern with serpent</subfield>
    </datafield>
    <datafield tag="950" ind1=" " ind2=" ">
      <subfield code="a">f. 57r :</subfield>
      <subfield code="b">pen drawing(s)</subfield>
      <subfield code="c">fencers</subfield>
    </datafield>
    <datafield tag="950" ind1=" " ind2=" ">
      <subfield code="a">Pasted on f. 68v :</subfield>
      <subfield code="b">engraving(s)</subfield>
      <subfield code="c">fight</subfield>
    </datafield>
    <datafield tag="950" ind1=" " ind2=" ">
      <subfield code="a">f. 73v :</subfield>
      <subfield code="b">pen drawing(s)</subfield>
      <subfield code="c">fighting men with banner &quot;Atque meum atq[ue] tuum semper sunt semina. Liris(? = river in Latium)&quot;</subfield>
    </datafield>
    <datafield tag="950" ind1=" " ind2=" ">
      <subfield code="a">f. 83v :</subfield>
      <subfield code="b">engraving(s)</subfield>
      <subfield code="c">sham fight with a sword</subfield>
    </datafield>
    <datafield tag="950" ind1=" " ind2=" ">
      <subfield code="a">f. 89v :</subfield>
      <subfield code="b">pen drawing(s)</subfield>
      <subfield code="c">Lion with scutcheon with text &quot;Tractatus de argumentatione&quot;</subfield>
    </datafield>
    <datafield tag="952" ind1=" " ind2=" ">
      <subfield code="d">Leuven (Louvain)</subfield>
      <subfield code="e">Pedagogie De Lelie</subfield>
      <subfield code="0">(ODIS-ORG)35505</subfield>
      <subfield code="f">Faculty of Arts, Paedagogium Lilii</subfield>
    </datafield>
    <datafield tag="953" ind1=" " ind2=" ">
      <subfield code="b">1601-1700</subfield>
    </datafield>
    <datafield tag="996" ind1=" " ind2=" ">
      <subfield code="a">BIBC</subfield>
      <subfield code="b">physical</subfield>
      <subfield code="c">201509</subfield>
      <subfield code="d">Lectio Magister dixit</subfield>
    </datafield>
  </record>