
  <record>
    <leader>04456ntm a2200853 u 4500</leader>
    <controlfield tag="001">9983697900101488</controlfield>
    <controlfield tag="005">20151221075542.0</controlfield>
    <controlfield tag="008">111130s1756    xx      |     000 0 lat c</controlfield>
    <datafield tag="035" ind1=" " ind2=" ">
      <subfield code="a">(BeLVLBS)008369790LBS01-Aleph</subfield>
    </datafield>
    <datafield tag="035" ind1=" " ind2=" ">
      <subfield code="a">(EXLNZ-32KUL_LIBIS_NETWORK)9983697900101471</subfield>
    </datafield>
    <datafield tag="245" ind1="0" ind2="0">
      <subfield code="a">Dialectica.</subfield>
    </datafield>
    <datafield tag="246" ind1="1" ind2="3">
      <subfield code="a">Dialectica sive Manuductio ad logicam dictata a R. Patre M. De Brouwer et scripta ab Allardo Dirven convictore Anno Milesimo septingentesimo quingagesimo sexto</subfield>
    </datafield>
    <datafield tag="260" ind1=" " ind2=" ">
      <subfield code="c">1756.</subfield>
    </datafield>
    <datafield tag="300" ind1=" " ind2=" ">
      <subfield code="a">150 f.</subfield>
      <subfield code="b">ill.</subfield>
      <subfield code="c">255 x 190 mm.</subfield>
    </datafield>
    <datafield tag="300" ind1=" " ind2=" ">
      <subfield code="a">Brown leather binding ; blind stamped boards, gold tooled spine with title &quot;Dialeckia&quot;.</subfield>
    </datafield>
    <datafield tag="336" ind1=" " ind2=" ">
      <subfield code="a">text</subfield>
      <subfield code="2">rdacontent</subfield>
    </datafield>
    <datafield tag="337" ind1=" " ind2=" ">
      <subfield code="a">unmediated</subfield>
      <subfield code="2">rdamedia</subfield>
    </datafield>
    <datafield tag="338" ind1=" " ind2=" ">
      <subfield code="a">volume</subfield>
      <subfield code="2">rdacarrier</subfield>
    </datafield>
    <datafield tag="340" ind1=" " ind2=" ">
      <subfield code="e">Paper</subfield>
    </datafield>
    <datafield tag="351" ind1=" " ind2=" ">
      <subfield code="a">Band in bruin leder ; blind gestempelde platten, goud gestempelde rug met titel &quot;Dialeckia&quot;</subfield>
    </datafield>
    <datafield tag="500" ind1=" " ind2=" ">
      <subfield code="a">Title created by cataloguer</subfield>
    </datafield>
    <datafield tag="505" ind1="0" ind2=" ">
      <subfield code="a">Index abbreviationum</subfield>
      <subfield code="g">f. 0v-3v</subfield>
    </datafield>
    <datafield tag="505" ind1="0" ind2=" ">
      <subfield code="a">Proœmium</subfield>
      <subfield code="g">f. 4r-17r</subfield>
    </datafield>
    <datafield tag="505" ind1="0" ind2=" ">
      <subfield code="a">* Articulus primus De modo studendi dialectica</subfield>
      <subfield code="g">f. 5r-6v</subfield>
    </datafield>
    <datafield tag="505" ind1="0" ind2=" ">
      <subfield code="a">* Articulus secundus Modus oppugnandi et defendendi</subfield>
      <subfield code="g">f. 6v-7r</subfield>
    </datafield>
    <datafield tag="505" ind1="0" ind2=" ">
      <subfield code="a">* Articulus tertius De modo oppugnandi</subfield>
      <subfield code="g">f. 7r-8r</subfield>
    </datafield>
    <datafield tag="505" ind1="0" ind2=" ">
      <subfield code="a">* Articulus quartus Modus defendendi</subfield>
      <subfield code="g">f. 8v-9v</subfield>
    </datafield>
    <datafield tag="505" ind1="0" ind2=" ">
      <subfield code="a">* Articulus quintus Vocum quarumdam explicatio quarum in dialectica ac philosophia frequentior est usus</subfield>
      <subfield code="g">f. 9v-17r</subfield>
    </datafield>
    <datafield tag="505" ind1="0" ind2=" ">
      <subfield code="a">Tractatus primus De terminis in genere</subfield>
      <subfield code="g">f. 18v-94v</subfield>
    </datafield>
    <datafield tag="505" ind1="0" ind2=" ">
      <subfield code="a">** Pars prima De terminorum divisione</subfield>
      <subfield code="g">f. 18v-94v</subfield>
    </datafield>
    <datafield tag="505" ind1="0" ind2=" ">
      <subfield code="a">*** Caput primum De propositione ejusque partibus</subfield>
      <subfield code="g">f. 18v-46r</subfield>
    </datafield>
    <datafield tag="505" ind1="0" ind2=" ">
      <subfield code="a">*** Caput secundum De terminis eorumque divisione</subfield>
      <subfield code="g">f. 47r-48v</subfield>
    </datafield>
    <datafield tag="505" ind1="0" ind2=" ">
      <subfield code="a">*** Caput tertium An voces extra propositionem positae sunt trilogici?</subfield>
      <subfield code="g">f. 48v-77v</subfield>
    </datafield>
    <datafield tag="505" ind1="0" ind2=" ">
      <subfield code="a">*** Caput tertium De termino logico ut signum est</subfield>
      <subfield code="g">f. 78r-79v</subfield>
    </datafield>
    <datafield tag="505" ind1="0" ind2=" ">
      <subfield code="a">*** Caput quartum De termino logico ut vox est</subfield>
      <subfield code="g">f. 79v-82r</subfield>
    </datafield>
    <datafield tag="505" ind1="0" ind2=" ">
      <subfield code="a">*** Caput quintum De nomine et pra[...]one</subfield>
      <subfield code="g">f. 82r-82v</subfield>
    </datafield>
    <datafield tag="505" ind1="0" ind2=" ">
      <subfield code="a">*** Caput sextum De oratio definitiva</subfield>
      <subfield code="g">f. 82v-84v</subfield>
    </datafield>
    <datafield tag="505" ind1="0" ind2=" ">
      <subfield code="a">*** Caput septimum De oratione divisiva</subfield>
      <subfield code="g">f. 84v-85v</subfield>
    </datafield>
    <datafield tag="505" ind1="0" ind2=" ">
      <subfield code="a">*** Caput octavus De variis terminorum seu vocum affectionibus</subfield>
      <subfield code="g">f. 85r-86v</subfield>
    </datafield>
    <datafield tag="505" ind1="0" ind2=" ">
      <subfield code="a">*** Caput nonum De suppositione in genere</subfield>
      <subfield code="g">f. 86v-89r</subfield>
    </datafield>
    <datafield tag="505" ind1="0" ind2=" ">
      <subfield code="a">*** Caput decimum De suppositionis signis</subfield>
      <subfield code="g">f. 89r-91v</subfield>
    </datafield>
    <datafield tag="505" ind1="0" ind2=" ">
      <subfield code="a">*** Caput undecimum De reliqua terminorum affectione</subfield>
      <subfield code="g">f. 91v-94v</subfield>
    </datafield>
    <datafield tag="505" ind1="0" ind2=" ">
      <subfield code="a">Tractatus secundus De propositione, variisque propositionum proprietatibus et affectionibus</subfield>
      <subfield code="g">f. 95r-110v</subfield>
    </datafield>
    <datafield tag="505" ind1="0" ind2=" ">
      <subfield code="a">* Caput primum De propositione in genere</subfield>
      <subfield code="g">f. 95r-96v</subfield>
    </datafield>
    <datafield tag="505" ind1="0" ind2=" ">
      <subfield code="a">* [Caput secundum]</subfield>
      <subfield code="g">f. 97r-107r</subfield>
    </datafield>
    <datafield tag="505" ind1="0" ind2=" ">
      <subfield code="a">* Caput tertium De propositionum aequipollentia et conversatione</subfield>
      <subfield code="g">f. 107r-110r</subfield>
    </datafield>
    <datafield tag="505" ind1="0" ind2=" ">
      <subfield code="a">Tractatus tertius De argumentatione varioque argumentandi artificio</subfield>
      <subfield code="g">f. 110r-134r</subfield>
    </datafield>
    <datafield tag="505" ind1="0" ind2=" ">
      <subfield code="a">* Caput primum De argumentatione in genere</subfield>
      <subfield code="g">f. 110r-112r</subfield>
    </datafield>
    <datafield tag="505" ind1="0" ind2=" ">
      <subfield code="a">* Caput secundum De argumentationis regulis minus controversis</subfield>
      <subfield code="g">f. 112v-116v</subfield>
    </datafield>
    <datafield tag="505" ind1="0" ind2=" ">
      <subfield code="a">* Caput tertium De argumentatione in specie</subfield>
      <subfield code="g">f. 116v-130r</subfield>
    </datafield>
    <datafield tag="505" ind1="0" ind2=" ">
      <subfield code="a">* Caput quartum De syllogismo composito obliquo</subfield>
      <subfield code="g">f. 130r-132r</subfield>
    </datafield>
    <datafield tag="505" ind1="0" ind2=" ">
      <subfield code="a">* Caput quintum De reliquis argumentationum dico(?) speciebus</subfield>
      <subfield code="g">f. 132r-134r</subfield>
    </datafield>
    <datafield tag="505" ind1="0" ind2=" ">
      <subfield code="a">Appendix De universalibus</subfield>
      <subfield code="g">f. 134r-137r</subfield>
    </datafield>
    <datafield tag="505" ind1="0" ind2=" ">
      <subfield code="a">* Caput primum De universalibus in genere</subfield>
      <subfield code="g">f. 134r-137r</subfield>
    </datafield>
    <datafield tag="546" ind1=" " ind2=" ">
      <subfield code="a">Latin</subfield>
    </datafield>
    <datafield tag="650" ind1=" " ind2="7">
      <subfield code="2">KUL</subfield>
      <subfield code="a">#GBIB: jesuitica</subfield>
    </datafield>
    <datafield tag="653" ind1=" " ind2="6">
      <subfield code="a">Manuscripts</subfield>
    </datafield>
    <datafield tag="653" ind1=" " ind2="6">
      <subfield code="a">Lecture notes</subfield>
    </datafield>
    <datafield tag="700" ind1="1" ind2=" ">
      <subfield code="a">de Brouwer, Michael</subfield>
      <subfield code="s">S.J.</subfield>
      <subfield code="d">1730-1785</subfield>
      <subfield code="4">pfs</subfield>
    </datafield>
    <datafield tag="700" ind1="1" ind2=" ">
      <subfield code="a">Dirven, Alardus</subfield>
      <subfield code="c">S.J.</subfield>
      <subfield code="d">1738-1810</subfield>
      <subfield code="4">stu</subfield>
    </datafield>
    <datafield tag="830" ind1=" " ind2="0">
      <subfield code="a">Prooemium in Logicam</subfield>
    </datafield>
    <datafield tag="830" ind1=" " ind2="0">
      <subfield code="a">De universali</subfield>
    </datafield>
    <datafield tag="830" ind1=" " ind2="0">
      <subfield code="a">De terminis</subfield>
    </datafield>
    <datafield tag="830" ind1=" " ind2="0">
      <subfield code="a">De propositionibus</subfield>
    </datafield>
    <datafield tag="830" ind1=" " ind2="0">
      <subfield code="a">De argumentatione</subfield>
    </datafield>
    <datafield tag="856" ind1="4" ind2="0">
      <subfield code="u">http://resolver.lias.be/get_pid?view&amp;usagetype=VIEW_MAIN,VIEW&amp;pid=3152121</subfield>
      <subfield code="y">Online version in LIAS</subfield>
    </datafield>
    <datafield tag="856" ind1="4" ind2="0">
      <subfield code="u">http://resolver.lias.be/get_pid?view&amp;usagetype=VIEW_MAIN,VIEW&amp;pid=1028486</subfield>
      <subfield code="y">Online version in LIAS</subfield>
    </datafield>
    <datafield tag="852" ind1=" " ind2=" ">
      <subfield code="8">22321065830001488</subfield>
      <subfield code="b">GBIB</subfield>
      <subfield code="c">GBIB</subfield>
      <subfield code="h">PM0024/Q</subfield>
    </datafield>
    <datafield tag="900" ind1=" " ind2=" ">
      <subfield code="a">CONSOLIDATED RECORD</subfield>
      <subfield code="b">KU Leuven</subfield>
    </datafield>
    <datafield tag="950" ind1=" " ind2=" ">
      <subfield code="a">f. 80v :</subfield>
      <subfield code="b">pen drawing(s)</subfield>
      <subfield code="v">vox - non scripta</subfield>
    </datafield>
    <datafield tag="950" ind1=" " ind2=" ">
      <subfield code="a">f. 102 :</subfield>
      <subfield code="b">pen drawing(s)</subfield>
      <subfield code="c">contra dictoriae</subfield>
    </datafield>
    <datafield tag="950" ind1=" " ind2=" ">
      <subfield code="a">f. 126r :</subfield>
      <subfield code="b">pen drawing(s)</subfield>
      <subfield code="c">Tabula oppositarum</subfield>
    </datafield>
    <datafield tag="950" ind1=" " ind2=" ">
      <subfield code="a">f. 126v :</subfield>
      <subfield code="b">pen drawing(s)</subfield>
      <subfield code="c">Equipolentia simplicium</subfield>
    </datafield>
    <datafield tag="952" ind1=" " ind2=" ">
      <subfield code="d">Leuven (Louvain)</subfield>
      <subfield code="e">Pedagogie onbekend</subfield>
      <subfield code="f">Faculty of Arts, pedagogy unknown</subfield>
    </datafield>
    <datafield tag="953" ind1=" " ind2=" ">
      <subfield code="b">1701-1800</subfield>
    </datafield>
    <datafield tag="996" ind1=" " ind2=" ">
      <subfield code="a">GBIB</subfield>
      <subfield code="b">physical</subfield>
      <subfield code="c">201509</subfield>
      <subfield code="d">Lectio Magister dixit</subfield>
    </datafield>
  </record>