
  <record>
    <leader>05838ntm a2201225 u 4500</leader>
    <controlfield tag="001">9983532560101488</controlfield>
    <controlfield tag="005">20151221075751.0</controlfield>
    <controlfield tag="008">111108m16631664xx      |     000 0 lat c</controlfield>
    <datafield tag="035" ind1=" " ind2=" ">
      <subfield code="a">(BeLVLBS)008353256LBS01-Aleph</subfield>
    </datafield>
    <datafield tag="035" ind1=" " ind2=" ">
      <subfield code="a">(EXLNZ-32KUL_LIBIS_NETWORK)9983532560101471</subfield>
    </datafield>
    <datafield tag="245" ind1="0" ind2="0">
      <subfield code="a">Physica Pars I.</subfield>
    </datafield>
    <datafield tag="246" ind1="1" ind2="3">
      <subfield code="a">Logica. Physica. Metaphysica.</subfield>
    </datafield>
    <datafield tag="246" ind1="1" ind2="3">
      <subfield code="a">Scribebat Antonius Hermans Schuelensis sub doctissimo d[omi]no Ægidio Martini STL nec non celeberimi pedagogij porcensis professore primario Logicam Anno d[omi]ni 1663</subfield>
    </datafield>
    <datafield tag="260" ind1=" " ind2=" ">
      <subfield code="c">1663-1664.</subfield>
    </datafield>
    <datafield tag="300" ind1=" " ind2=" ">
      <subfield code="a">507 f.</subfield>
      <subfield code="b">ill.</subfield>
      <subfield code="c">210 x 158 mm.</subfield>
    </datafield>
    <datafield tag="300" ind1=" " ind2=" ">
      <subfield code="a">Brown leather binding ; blind stamped spine and boards ; traces of leather tie holes.</subfield>
    </datafield>
    <datafield tag="336" ind1=" " ind2=" ">
      <subfield code="a">text</subfield>
      <subfield code="2">rdacontent</subfield>
    </datafield>
    <datafield tag="337" ind1=" " ind2=" ">
      <subfield code="a">unmediated</subfield>
      <subfield code="2">rdamedia</subfield>
    </datafield>
    <datafield tag="338" ind1=" " ind2=" ">
      <subfield code="a">volume</subfield>
      <subfield code="2">rdacarrier</subfield>
    </datafield>
    <datafield tag="340" ind1=" " ind2=" ">
      <subfield code="e">Paper</subfield>
    </datafield>
    <datafield tag="351" ind1=" " ind2=" ">
      <subfield code="a">Band in bruin leder ; blind gestempelde rug en platten ; restanten van gaatjes voor lederen veters.</subfield>
    </datafield>
    <datafield tag="500" ind1=" " ind2=" ">
      <subfield code="a">Title created by cataloguer</subfield>
    </datafield>
    <datafield tag="500" ind1=" " ind2=" ">
      <subfield code="a">3 colophons</subfield>
    </datafield>
    <datafield tag="500" ind1=" " ind2=" ">
      <subfield code="a">Colophon on f. 191r reads : 4° kalendas iulii</subfield>
    </datafield>
    <datafield tag="500" ind1=" " ind2=" ">
      <subfield code="a">Colophon on f. 346v reads : Finis impositus 4a februarij A° 1664</subfield>
    </datafield>
    <datafield tag="500" ind1=" " ind2=" ">
      <subfield code="a">Colophon on f. 384v reads : Finis</subfield>
    </datafield>
    <datafield tag="505" ind1="0" ind2=" ">
      <subfield code="a">Cantilena in contemplum phylosophiae</subfield>
      <subfield code="g">f. 0r</subfield>
    </datafield>
    <datafield tag="505" ind1="0" ind2=" ">
      <subfield code="a">[Physica]</subfield>
      <subfield code="g">f. 2r-191r</subfield>
    </datafield>
    <datafield tag="505" ind1="0" ind2=" ">
      <subfield code="a">* Praefatio in Phyiscam</subfield>
      <subfield code="g">f. 2r-10r</subfield>
    </datafield>
    <datafield tag="505" ind1="0" ind2=" ">
      <subfield code="a">* Praefatio in Porphyrium</subfield>
      <subfield code="g">f. 10r-27v</subfield>
    </datafield>
    <datafield tag="505" ind1="0" ind2=" ">
      <subfield code="a">* Liber praedicamentorum</subfield>
      <subfield code="g">f. 27v-55v</subfield>
    </datafield>
    <datafield tag="505" ind1="0" ind2=" ">
      <subfield code="a">* Postpraedicamenta</subfield>
      <subfield code="g">f. 56r-64v</subfield>
    </datafield>
    <datafield tag="505" ind1="0" ind2=" ">
      <subfield code="a">* Libri priorum</subfield>
      <subfield code="g">f. 64v-119r</subfield>
    </datafield>
    <datafield tag="505" ind1="0" ind2=" ">
      <subfield code="a">* [Libri de perihermenias seu De interpretatione]</subfield>
      <subfield code="g">f. 119r-138v</subfield>
    </datafield>
    <datafield tag="505" ind1="0" ind2=" ">
      <subfield code="a">* [Libri] topicorum</subfield>
      <subfield code="g">f. 138v-183v</subfield>
    </datafield>
    <datafield tag="505" ind1="0" ind2=" ">
      <subfield code="a">* Libri elenchorum</subfield>
      <subfield code="g">f. 183v-191r</subfield>
    </datafield>
    <datafield tag="505" ind1="0" ind2=" ">
      <subfield code="a">[Physica Artistotelis]</subfield>
      <subfield code="g">f. 192r-460v</subfield>
    </datafield>
    <datafield tag="505" ind1="0" ind2=" ">
      <subfield code="a">* Praefatio in physciam Aristotelis</subfield>
      <subfield code="g">f. 193r-196r</subfield>
    </datafield>
    <datafield tag="505" ind1="0" ind2=" ">
      <subfield code="a">* Tractatus De corpore naturali et partibus eius</subfield>
      <subfield code="g">f. 196v-215v</subfield>
    </datafield>
    <datafield tag="505" ind1="0" ind2=" ">
      <subfield code="a">* Tractatus de causis</subfield>
      <subfield code="g">f. 216r-273r</subfield>
    </datafield>
    <datafield tag="505" ind1="0" ind2=" ">
      <subfield code="a">* Libri de anima</subfield>
      <subfield code="g">f. 273r-346v</subfield>
    </datafield>
    <datafield tag="505" ind1="0" ind2=" ">
      <subfield code="a">* Tractatus de sphera</subfield>
      <subfield code="g">f. 347r-384v</subfield>
    </datafield>
    <datafield tag="505" ind1="0" ind2=" ">
      <subfield code="a">* Sectionum promeridanarum physicarum</subfield>
      <subfield code="g">f. 385r-460v</subfield>
    </datafield>
    <datafield tag="505" ind1="0" ind2=" ">
      <subfield code="a">** Pars prima De motu</subfield>
      <subfield code="g">f. 325v-416v</subfield>
    </datafield>
    <datafield tag="505" ind1="0" ind2=" ">
      <subfield code="a">** Pars secunda De corporibus inanimatis</subfield>
      <subfield code="g">f. 416v-460v</subfield>
    </datafield>
    <datafield tag="505" ind1="0" ind2=" ">
      <subfield code="a">[Metaphysica]</subfield>
      <subfield code="g">f. 462r-503v</subfield>
    </datafield>
    <datafield tag="505" ind1="0" ind2=" ">
      <subfield code="a">* Prologus in metaphisicam</subfield>
      <subfield code="g">f. 462r-468v</subfield>
    </datafield>
    <datafield tag="505" ind1="0" ind2=" ">
      <subfield code="a">* Liber primus De ente in genere eiusque proprietatibus</subfield>
      <subfield code="g">f. 468v-484r</subfield>
    </datafield>
    <datafield tag="505" ind1="0" ind2=" ">
      <subfield code="a">* Liber secundus De substantia</subfield>
      <subfield code="g">f. 484r-503v</subfield>
    </datafield>
    <datafield tag="505" ind1="0" ind2=" ">
      <subfield code="a">DD. Metaphysici anni M. DC.LX.. Pædagogij Porcensis alumni in sui memoriam ... [printed]</subfield>
      <subfield code="g">f. 507r</subfield>
    </datafield>
    <datafield tag="546" ind1=" " ind2=" ">
      <subfield code="a">Latin</subfield>
    </datafield>
    <datafield tag="653" ind1=" " ind2="6">
      <subfield code="a">Manuscripts</subfield>
    </datafield>
    <datafield tag="653" ind1=" " ind2="6">
      <subfield code="a">Lecture notes</subfield>
    </datafield>
    <datafield tag="700" ind1="1" ind2=" ">
      <subfield code="a">Martini, Aegidius</subfield>
      <subfield code="d">+1677</subfield>
      <subfield code="3">professor primarius</subfield>
      <subfield code="4">pfs</subfield>
    </datafield>
    <datafield tag="700" ind1="1" ind2=" ">
      <subfield code="a">Hermans, Antonius</subfield>
      <subfield code="4">stu</subfield>
    </datafield>
    <datafield tag="700" ind1="1" ind2=" ">
      <subfield code="a">Boel, Quirin</subfield>
      <subfield code="d">ca. 1620-1668</subfield>
      <subfield code="g">Flemish printmaker</subfield>
      <subfield code="4">egr</subfield>
    </datafield>
    <datafield tag="700" ind1="1" ind2=" ">
      <subfield code="a">Gosin, Jacobus</subfield>
      <subfield code="4">egr</subfield>
    </datafield>
    <datafield tag="700" ind1="1" ind2=" ">
      <subfield code="a">Tielemans, H.</subfield>
      <subfield code="4">egr</subfield>
    </datafield>
    <datafield tag="830" ind1=" " ind2="0">
      <subfield code="a">Topica</subfield>
    </datafield>
    <datafield tag="830" ind1=" " ind2="0">
      <subfield code="a">Sophistici elenchi</subfield>
    </datafield>
    <datafield tag="830" ind1=" " ind2="0">
      <subfield code="a">Prooemium in physicam</subfield>
    </datafield>
    <datafield tag="830" ind1=" " ind2="0">
      <subfield code="a">Prooemium in metaphysicam</subfield>
    </datafield>
    <datafield tag="830" ind1=" " ind2="0">
      <subfield code="a">Praedicamenta</subfield>
    </datafield>
    <datafield tag="830" ind1=" " ind2="0">
      <subfield code="a">Praedicabilia</subfield>
    </datafield>
    <datafield tag="830" ind1=" " ind2="0">
      <subfield code="a">Peri hermeneias</subfield>
    </datafield>
    <datafield tag="830" ind1=" " ind2="0">
      <subfield code="a">Isagoge</subfield>
    </datafield>
    <datafield tag="830" ind1=" " ind2="0">
      <subfield code="a">De substantia</subfield>
    </datafield>
    <datafield tag="830" ind1=" " ind2="0">
      <subfield code="a">De sphaera</subfield>
    </datafield>
    <datafield tag="830" ind1=" " ind2="0">
      <subfield code="a">De sophisticis elenchis</subfield>
    </datafield>
    <datafield tag="830" ind1=" " ind2="0">
      <subfield code="a">De motu</subfield>
    </datafield>
    <datafield tag="830" ind1=" " ind2="0">
      <subfield code="a">De interpretatione</subfield>
    </datafield>
    <datafield tag="830" ind1=" " ind2="0">
      <subfield code="a">De ente</subfield>
    </datafield>
    <datafield tag="830" ind1=" " ind2="0">
      <subfield code="a">De corpore naturali</subfield>
    </datafield>
    <datafield tag="830" ind1=" " ind2="0">
      <subfield code="a">De corpore inanimato</subfield>
    </datafield>
    <datafield tag="830" ind1=" " ind2="0">
      <subfield code="a">De causis</subfield>
    </datafield>
    <datafield tag="830" ind1=" " ind2="0">
      <subfield code="a">De anima</subfield>
    </datafield>
    <datafield tag="830" ind1=" " ind2="0">
      <subfield code="a">Categoriae</subfield>
    </datafield>
    <datafield tag="830" ind1=" " ind2="0">
      <subfield code="a">Analytica priora</subfield>
    </datafield>
    <datafield tag="856" ind1="4" ind2="0">
      <subfield code="u">http://resolver.lias.be/get_pid?view&amp;usagetype=VIEW_MAIN,VIEW&amp;pid=1028654</subfield>
      <subfield code="y">Online version in LIAS</subfield>
    </datafield>
    <datafield tag="852" ind1=" " ind2=" ">
      <subfield code="8">22320955820001488</subfield>
      <subfield code="b">GBIB</subfield>
      <subfield code="c">GBIB</subfield>
      <subfield code="h">GSM Cod. 102</subfield>
    </datafield>
    <datafield tag="900" ind1=" " ind2=" ">
      <subfield code="a">CONSOLIDATED RECORD</subfield>
      <subfield code="b">KU Leuven</subfield>
    </datafield>
    <datafield tag="950" ind1=" " ind2=" ">
      <subfield code="a">numerous small</subfield>
      <subfield code="b">pen drawing(s)</subfield>
    </datafield>
    <datafield tag="950" ind1=" " ind2=" ">
      <subfield code="a">f. 56r, 64v, 102r, 115r, 119r, 130r, 134v, 138v, 154v, 160r, 179v, 183v, 196v, 216r, 273r, 279v, 281v, 289v, 292r, 331r, 343r, 347r, 385v, 390v, 404v, 410v, 416v, 429v, 433v, 458v, 462r, 468v, 469r, 472v, 476r, 484r : page with</subfield>
      <subfield code="b">ornamental initials</subfield>
    </datafield>
    <datafield tag="950" ind1=" " ind2=" ">
      <subfield code="a">f. 1r : 1</subfield>
      <subfield code="b">engraved titlepage</subfield>
      <subfield code="c">With Plato and Aristoteles, an image of the University hall and sign of The Pig, with banner : &quot;Porcvs alit doctos&quot; (Ioan verhoeuen fecit Lovani Iacobus de Gosen)</subfield>
    </datafield>
    <datafield tag="950" ind1=" " ind2=" ">
      <subfield code="a">f. 2r :</subfield>
      <subfield code="b">ornamental initials</subfield>
      <subfield code="c">with note : Anthonius Hermans Shulensis scribebat</subfield>
    </datafield>
    <datafield tag="950" ind1=" " ind2=" ">
      <subfield code="a">f. 88r :</subfield>
      <subfield code="b">pen drawing(s)</subfield>
      <subfield code="c">pierced heart filled with text</subfield>
    </datafield>
    <datafield tag="950" ind1=" " ind2=" ">
      <subfield code="a">f. 88r :</subfield>
      <subfield code="b">pen drawing(s)</subfield>
      <subfield code="c">glass filled with text</subfield>
    </datafield>
    <datafield tag="950" ind1=" " ind2=" ">
      <subfield code="a">f. 89r :</subfield>
      <subfield code="b">pen drawing(s)</subfield>
      <subfield code="c">tower &quot;Turris Verloren kost&quot; filled with text</subfield>
    </datafield>
    <datafield tag="950" ind1=" " ind2=" ">
      <subfield code="a">f. 89v :</subfield>
      <subfield code="b">pen drawing(s)</subfield>
      <subfield code="c">mug &quot;Aristotelis pinta&quot; filled with text</subfield>
    </datafield>
    <datafield tag="950" ind1=" " ind2=" ">
      <subfield code="a">f. 180r-181r :</subfield>
      <subfield code="b">pen drawing(s)</subfield>
      <subfield code="c">hunting scene in text</subfield>
    </datafield>
    <datafield tag="950" ind1=" " ind2=" ">
      <subfield code="a">f. 190v :</subfield>
      <subfield code="b">pen drawing(s)</subfield>
      <subfield code="c">jug filled with text</subfield>
    </datafield>
    <datafield tag="950" ind1=" " ind2=" ">
      <subfield code="a">f. 191r :</subfield>
      <subfield code="b">pen drawing(s)</subfield>
      <subfield code="c">bowl filled with text</subfield>
    </datafield>
    <datafield tag="950" ind1=" " ind2=" ">
      <subfield code="a">f. 192r :</subfield>
      <subfield code="b">engraved titlepage</subfield>
      <subfield code="c">Porcus (Q. Boel.fecit. Iacobus Gosin excu.)</subfield>
    </datafield>
    <datafield tag="950" ind1=" " ind2=" ">
      <subfield code="a">f. 216r, 219v :</subfield>
      <subfield code="b">pen drawing(s)</subfield>
      <subfield code="c">head of a man</subfield>
    </datafield>
    <datafield tag="950" ind1=" " ind2=" ">
      <subfield code="a">f. 241r, 254r, 263r :</subfield>
      <subfield code="b">pen drawing(s)</subfield>
      <subfield code="c">head of a man, ornamental border</subfield>
    </datafield>
    <datafield tag="950" ind1=" " ind2=" ">
      <subfield code="a">f. 260r :</subfield>
      <subfield code="b">pen drawing(s)</subfield>
      <subfield code="c">head of a man</subfield>
    </datafield>
    <datafield tag="950" ind1=" " ind2=" ">
      <subfield code="a">f. 266v :</subfield>
      <subfield code="b">pen drawing(s)</subfield>
      <subfield code="c">rabbit hunted by a dog</subfield>
    </datafield>
    <datafield tag="950" ind1=" " ind2=" ">
      <subfield code="a">f. 272r :</subfield>
      <subfield code="b">pen drawing(s)</subfield>
      <subfield code="c">&quot;de monstro&quot;</subfield>
    </datafield>
    <datafield tag="950" ind1=" " ind2=" ">
      <subfield code="a">f. 370r :</subfield>
      <subfield code="b">pen drawing(s)</subfield>
      <subfield code="c">head of man, ornamental border</subfield>
    </datafield>
    <datafield tag="950" ind1=" " ind2=" ">
      <subfield code="a">f. 379r :</subfield>
      <subfield code="b">engraving(s)</subfield>
      <subfield code="c">Systema Copernici (H. Tielemans)</subfield>
    </datafield>
    <datafield tag="950" ind1=" " ind2=" ">
      <subfield code="a">f. 381r :</subfield>
      <subfield code="b">engraving(s)</subfield>
      <subfield code="c">Systema Ptolemæi (H. Tielemans)</subfield>
    </datafield>
    <datafield tag="950" ind1=" " ind2=" ">
      <subfield code="a">f. 383r :</subfield>
      <subfield code="b">engraving(s)</subfield>
      <subfield code="c">Systema Tychonicum (H. Tielemans)</subfield>
    </datafield>
    <datafield tag="950" ind1=" " ind2=" ">
      <subfield code="a">f. 385r :</subfield>
      <subfield code="b">pen drawing(s)</subfield>
      <subfield code="c">hunting scene</subfield>
    </datafield>
    <datafield tag="950" ind1=" " ind2=" ">
      <subfield code="a">f. 459v-460v :</subfield>
      <subfield code="b">pen drawing(s)</subfield>
      <subfield code="c">text in form of a hourglass</subfield>
    </datafield>
    <datafield tag="952" ind1=" " ind2=" ">
      <subfield code="d">Leuven (Louvain)</subfield>
      <subfield code="e">Pedagogie Het Varken</subfield>
      <subfield code="0">(ODIS-ORG)35504</subfield>
      <subfield code="f">Faculty of Arts, Paedagogium Porci</subfield>
    </datafield>
    <datafield tag="953" ind1=" " ind2=" ">
      <subfield code="b">1601-1700</subfield>
    </datafield>
    <datafield tag="996" ind1=" " ind2=" ">
      <subfield code="a">GBIB</subfield>
      <subfield code="b">physical</subfield>
      <subfield code="c">201509</subfield>
      <subfield code="d">Lectio Magister dixit</subfield>
    </datafield>
  </record>