
  <record>
    <leader>05043ntm a2200793 u 4500</leader>
    <controlfield tag="001">9980044110101488</controlfield>
    <controlfield tag="005">20151221075418.0</controlfield>
    <controlfield tag="008">110323m17721773xx      |     000 0 lat c</controlfield>
    <datafield tag="035" ind1=" " ind2=" ">
      <subfield code="a">(BeLVLBS)008004411LBS01-Aleph</subfield>
    </datafield>
    <datafield tag="035" ind1=" " ind2=" ">
      <subfield code="a">(EXLNZ-32KUL_LIBIS_NETWORK)9980044110101471</subfield>
    </datafield>
    <datafield tag="245" ind1="0" ind2="0">
      <subfield code="a">Tractatus de logica, ethica et metaphysica.</subfield>
    </datafield>
    <datafield tag="246" ind1="1" ind2="3">
      <subfield code="a">Tractatus De Logica, Ethica et Metaphijsica scripti a A: J: Jonckers ex Aubel Limburgensi Florentissimi pædagogii Liliensis alumno in alma universitate Lovaniensi anno 1772.</subfield>
    </datafield>
    <datafield tag="260" ind1=" " ind2=" ">
      <subfield code="c">1772-1773.</subfield>
    </datafield>
    <datafield tag="300" ind1=" " ind2=" ">
      <subfield code="a">196 f.</subfield>
      <subfield code="b">ill. ;</subfield>
      <subfield code="c">193 x 155 mm.</subfield>
    </datafield>
    <datafield tag="300" ind1=" " ind2=" ">
      <subfield code="a">Cardboard binding ; half leather binding, spine with brown leather, boards with paper ; gold tooled spine with title &quot;Lo[gica] ethic([a] e[t] meta[physica]&quot;</subfield>
    </datafield>
    <datafield tag="336" ind1=" " ind2=" ">
      <subfield code="a">text</subfield>
      <subfield code="2">rdacontent</subfield>
    </datafield>
    <datafield tag="337" ind1=" " ind2=" ">
      <subfield code="a">unmediated</subfield>
      <subfield code="2">rdamedia</subfield>
    </datafield>
    <datafield tag="338" ind1=" " ind2=" ">
      <subfield code="a">volume</subfield>
      <subfield code="2">rdacarrier</subfield>
    </datafield>
    <datafield tag="340" ind1=" " ind2=" ">
      <subfield code="e">Paper</subfield>
    </datafield>
    <datafield tag="351" ind1=" " ind2=" ">
      <subfield code="a">Band in karton ; rug overtrokken met bruin leder, platten met papier ; goud gestempelde rug met titel &quot;Lo[gica] ethic([a] e[t] meta[physica]&quot;</subfield>
    </datafield>
    <datafield tag="500" ind1=" " ind2=" ">
      <subfield code="a">2 colophons</subfield>
    </datafield>
    <datafield tag="500" ind1=" " ind2=" ">
      <subfield code="a">Colophon on f. 118r reads : Finis</subfield>
    </datafield>
    <datafield tag="500" ind1=" " ind2=" ">
      <subfield code="a">Colophon on f. 171r reads : Finis</subfield>
    </datafield>
    <datafield tag="505" ind1="0" ind2=" ">
      <subfield code="a">Tractatus De logica dicatatus a Rdo Domino Vrammout iprensis professor primario scriptus vero ab A: J: Jonckers Logico in Paedagogio Florentissimi Lilii Lovanii anno 1772</subfield>
      <subfield code="g">f. 2r-71r</subfield>
    </datafield>
    <datafield tag="505" ind1="0" ind2=" ">
      <subfield code="a">* Prologomenon in logicam</subfield>
      <subfield code="g">f. 2v-3r</subfield>
    </datafield>
    <datafield tag="505" ind1="0" ind2=" ">
      <subfield code="a">** Sectio prima De facultate cognoscitiva mentis humanae</subfield>
      <subfield code="g">f. 2v-33v</subfield>
    </datafield>
    <datafield tag="505" ind1="0" ind2=" ">
      <subfield code="a">** Sectio secunda De veritate cognoscenda</subfield>
      <subfield code="g">f. 33v-43r</subfield>
    </datafield>
    <datafield tag="505" ind1="0" ind2=" ">
      <subfield code="a">** Sectio tertia De cognitione vertitatis</subfield>
      <subfield code="g">f. 43r-60r</subfield>
    </datafield>
    <datafield tag="505" ind1="0" ind2=" ">
      <subfield code="a">* Thesis prima [- thesis octava]</subfield>
      <subfield code="g">f. 60r-71r</subfield>
    </datafield>
    <datafield tag="505" ind1="0" ind2=" ">
      <subfield code="a">Tractatus De ethica dictatus ab eruditissimo doctissimoque Domino J. Forgeur Leodio professore secundario in paedagogio Florentissimi Lilii scriptus ver ab A: J: Jonckers ex Aubel logico in alma universitatis Lovaniensi 1772</subfield>
      <subfield code="g">f. 75r-118r</subfield>
    </datafield>
    <datafield tag="505" ind1="0" ind2=" ">
      <subfield code="a">* Quaestio praeliminaris</subfield>
      <subfield code="g">f. 75v-77v</subfield>
    </datafield>
    <datafield tag="505" ind1="0" ind2=" ">
      <subfield code="a">* Sectio prima De principiis actuum humanorum</subfield>
      <subfield code="g">f. 77v-90v</subfield>
    </datafield>
    <datafield tag="505" ind1="0" ind2=" ">
      <subfield code="a">* Sectio secunda De regulis actuum humanorum</subfield>
      <subfield code="g">f. 90v-101v</subfield>
    </datafield>
    <datafield tag="505" ind1="0" ind2=" ">
      <subfield code="a">* Sectio tertia De moralitate actuum humanorum</subfield>
      <subfield code="g">f. 101v-104v</subfield>
    </datafield>
    <datafield tag="505" ind1="0" ind2=" ">
      <subfield code="a">* Sectio quarta De habitibus moralibus actuum humanorum</subfield>
      <subfield code="g">f. 104v-109v</subfield>
    </datafield>
    <datafield tag="505" ind1="0" ind2=" ">
      <subfield code="a">* Appendix De religone</subfield>
      <subfield code="g">f. 109v-118r</subfield>
    </datafield>
    <datafield tag="505" ind1="0" ind2=" ">
      <subfield code="a">Tractatus De metaphysica dictatus ab eruditissimo Doctissimoque Domino Vrammout Iprensi, professor primario in Lilio, scriptus vero ab A: J: Jonckers Logico anno 1773 Lovanii</subfield>
      <subfield code="g">f. 119r-196r</subfield>
    </datafield>
    <datafield tag="505" ind1="0" ind2=" ">
      <subfield code="a">* Metaphysicae pars prima sive Ontologia</subfield>
      <subfield code="g">f. 119r-146r</subfield>
    </datafield>
    <datafield tag="505" ind1="0" ind2=" ">
      <subfield code="a">** Prologomenon</subfield>
      <subfield code="g">f. 119v-120r</subfield>
    </datafield>
    <datafield tag="505" ind1="0" ind2=" ">
      <subfield code="a">** Sectio prima De primis demonstrationum principiis</subfield>
      <subfield code="g">f. 120r-122r</subfield>
    </datafield>
    <datafield tag="505" ind1="0" ind2=" ">
      <subfield code="a">** Sectio secunda De proprietatibus entium maxime universalibus</subfield>
      <subfield code="g">f. 122r-129r</subfield>
    </datafield>
    <datafield tag="505" ind1="0" ind2=" ">
      <subfield code="a">** Sectio tertia De diversis entium speciebus</subfield>
      <subfield code="g">f. 129r-146r</subfield>
    </datafield>
    <datafield tag="505" ind1="0" ind2=" ">
      <subfield code="a">* Metaphysicae pars secunda Tractatus de Theodissea dictatus a Doctissimo eruditissimoque Domino Forgeur Leodio, professore secundario in paedagogio florentissimi Lilii, Scriptus vera ab A:J: Joncjers ex Aubel logico anno 1773</subfield>
      <subfield code="g">f. 147r-171r</subfield>
    </datafield>
    <datafield tag="505" ind1="0" ind2=" ">
      <subfield code="a">** Caput primum De existentia Dei</subfield>
      <subfield code="g">f. 147v-157r</subfield>
    </datafield>
    <datafield tag="505" ind1="0" ind2=" ">
      <subfield code="a">** Caput secundum De attributis Dei</subfield>
      <subfield code="g">f. 157r-167r</subfield>
    </datafield>
    <datafield tag="505" ind1="0" ind2=" ">
      <subfield code="a">** Caput tertium De operationibus Dei</subfield>
      <subfield code="g">f. 167r-171r</subfield>
    </datafield>
    <datafield tag="505" ind1="0" ind2=" ">
      <subfield code="a">* Metaphysicae pars tertia Psychologia dictata ab eruditissimo doctissimoque Domino D: Vrammout Iprensi professore primario in paedagogio florentissimo Lilii anno 1773 scriptus ab Antonio Jonckers logico ex Aubel</subfield>
      <subfield code="g">f. 172r-196r</subfield>
    </datafield>
    <datafield tag="505" ind1="0" ind2=" ">
      <subfield code="a">** Pars prima Empirica</subfield>
      <subfield code="g">f. 173r-173v</subfield>
    </datafield>
    <datafield tag="505" ind1="0" ind2=" ">
      <subfield code="a">** Sectio prima De facultate cognoscendi</subfield>
      <subfield code="g">f. 173v-185v</subfield>
    </datafield>
    <datafield tag="505" ind1="0" ind2=" ">
      <subfield code="a">** Sectio secunda De facultate appetendi</subfield>
      <subfield code="g">f. 185v-188r</subfield>
    </datafield>
    <datafield tag="505" ind1="0" ind2=" ">
      <subfield code="a">** Sectio tertia De facultate volendi</subfield>
      <subfield code="g">f. 188r-196r</subfield>
    </datafield>
    <datafield tag="546" ind1=" " ind2=" ">
      <subfield code="a">Latin</subfield>
    </datafield>
    <datafield tag="653" ind1=" " ind2="6">
      <subfield code="a">Manuscripts</subfield>
    </datafield>
    <datafield tag="653" ind1=" " ind2="6">
      <subfield code="a">Lecture notes</subfield>
    </datafield>
    <datafield tag="700" ind1="1" ind2=" ">
      <subfield code="a">Vrammout, Petrus Josephus</subfield>
      <subfield code="4">pfs</subfield>
      <subfield code="3">professor primarius</subfield>
    </datafield>
    <datafield tag="700" ind1="1" ind2=" ">
      <subfield code="a">Forgeur, Josephus</subfield>
      <subfield code="d">1741-1833</subfield>
      <subfield code="4">pfs</subfield>
      <subfield code="3">professor secundarius</subfield>
    </datafield>
    <datafield tag="700" ind1="1" ind2=" ">
      <subfield code="a">Jonckers, Antonius Josephus</subfield>
      <subfield code="4">stu</subfield>
    </datafield>
    <datafield tag="700" ind1="1" ind2=" ">
      <subfield code="a">Verhoeven, Joannes</subfield>
      <subfield code="g">engraver</subfield>
      <subfield code="4">egr</subfield>
    </datafield>
    <datafield tag="830" ind1=" " ind2="0">
      <subfield code="a">Prooemium in Logicam</subfield>
    </datafield>
    <datafield tag="830" ind1=" " ind2="0">
      <subfield code="a">De veritate cognoscenda</subfield>
    </datafield>
    <datafield tag="830" ind1=" " ind2="0">
      <subfield code="a">De facultate cognoscitiva mentis humanae</subfield>
    </datafield>
    <datafield tag="830" ind1=" " ind2="0">
      <subfield code="a">De cognitione veritatis</subfield>
    </datafield>
    <datafield tag="856" ind1="4" ind2="0">
      <subfield code="u">http://resolver.lias.be/get_pid?view&amp;usagetype=VIEW_MAIN,VIEW&amp;pid=3133440</subfield>
      <subfield code="y">Online version in LIAS</subfield>
    </datafield>
    <datafield tag="856" ind1="4" ind2="0">
      <subfield code="u">http://resolver.lias.be/get_pid?view&amp;usagetype=VIEW_MAIN,VIEW&amp;pid=788328</subfield>
      <subfield code="y">Online version in LIAS</subfield>
    </datafield>
    <datafield tag="852" ind1=" " ind2=" ">
      <subfield code="8">22318311600001488</subfield>
      <subfield code="b">BIBC</subfield>
      <subfield code="c">BRES</subfield>
      <subfield code="h">Ms. 301</subfield>
    </datafield>
    <datafield tag="900" ind1=" " ind2=" ">
      <subfield code="a">CONSOLIDATED RECORD</subfield>
      <subfield code="b">KU Leuven</subfield>
    </datafield>
    <datafield tag="950" ind1=" " ind2=" ">
      <subfield code="a">f. 1r :</subfield>
      <subfield code="b">engraved titlepage</subfield>
      <subfield code="c">&quot;Florescvnt lilia primis&quot;, with Plato and Aristoteles, an image of Leuven (Oude Markt) and sign of the Lily (Ioan Verhoeuen Sculpsit)</subfield>
    </datafield>
    <datafield tag="950" ind1=" " ind2=" ">
      <subfield code="a">f. 11r : drawn</subfield>
      <subfield code="b">folded leaflet(s)</subfield>
      <subfield code="c">Arbor Porphyrii</subfield>
    </datafield>
    <datafield tag="952" ind1=" " ind2=" ">
      <subfield code="d">Leuven (Louvain)</subfield>
      <subfield code="e">Pedagogie De Lelie</subfield>
      <subfield code="0">(ODIS-ORG)35505</subfield>
      <subfield code="f">Faculty of Arts, Paedagogium Lilii</subfield>
    </datafield>
    <datafield tag="953" ind1=" " ind2=" ">
      <subfield code="b">1701-1800</subfield>
    </datafield>
    <datafield tag="996" ind1=" " ind2=" ">
      <subfield code="a">BIBC</subfield>
      <subfield code="b">physical</subfield>
      <subfield code="c">201509</subfield>
      <subfield code="d">Lectio Magister dixit</subfield>
    </datafield>
  </record>