
  <record>
    <leader>06800ntm a2201141 u 4500</leader>
    <controlfield tag="001">9992066370101488</controlfield>
    <controlfield tag="005">20151221075419.0</controlfield>
    <controlfield tag="008">140623m17531754xx      |     000 0 lat c</controlfield>
    <datafield tag="035" ind1=" " ind2=" ">
      <subfield code="a">(BeLVLBS)009206637LBS01-Aleph</subfield>
    </datafield>
    <datafield tag="035" ind1=" " ind2=" ">
      <subfield code="a">(EXLNZ-32KUL_LIBIS_NETWORK)9992066370101471</subfield>
    </datafield>
    <datafield tag="245" ind1="0" ind2="0">
      <subfield code="a">Logica sermocinalis.</subfield>
    </datafield>
    <datafield tag="246" ind1="1" ind2="3">
      <subfield code="a">Logica Sermocinalis Eruditissimi Domini Domine Jacobi Van Waes ex Overmeire Professoris secundarii scripta in celeberrimo Falconis Pedagogio ab Henrico Dewel Die 4 octobris Anni 1753</subfield>
    </datafield>
    <datafield tag="260" ind1=" " ind2=" ">
      <subfield code="c">1753-1754.</subfield>
    </datafield>
    <datafield tag="300" ind1=" " ind2=" ">
      <subfield code="a">126 f. ;</subfield>
      <subfield code="c">205 x 160 mm.</subfield>
    </datafield>
    <datafield tag="300" ind1=" " ind2=" ">
      <subfield code="a">Brown sheepskin binding, gold tooled spine (falcon)  with title &quot;Logica&quot;</subfield>
    </datafield>
    <datafield tag="336" ind1=" " ind2=" ">
      <subfield code="a">text</subfield>
      <subfield code="2">rdacontent</subfield>
    </datafield>
    <datafield tag="337" ind1=" " ind2=" ">
      <subfield code="a">unmediated</subfield>
      <subfield code="2">rdamedia</subfield>
    </datafield>
    <datafield tag="338" ind1=" " ind2=" ">
      <subfield code="a">volume</subfield>
      <subfield code="2">rdacarrier</subfield>
    </datafield>
    <datafield tag="340" ind1=" " ind2=" ">
      <subfield code="e">Paper</subfield>
    </datafield>
    <datafield tag="351" ind1=" " ind2=" ">
      <subfield code="a">Band in bruin schaapsleder ; goud gestempelde rug (valkstempel) met titel 'Logica&quot;.</subfield>
    </datafield>
    <datafield tag="500" ind1=" " ind2=" ">
      <subfield code="a">2 colophons</subfield>
    </datafield>
    <datafield tag="500" ind1=" " ind2=" ">
      <subfield code="a">Colophon on f. 52v reads : Finis hujus Materiae Imposita Die 3 Anni Domini 1754</subfield>
    </datafield>
    <datafield tag="500" ind1=" " ind2=" ">
      <subfield code="a">Colophon on f. 112v reads : Finis Logicae Sermocinalis Impositus Die 1 junii Anni 1754</subfield>
    </datafield>
    <datafield tag="505" ind1="0" ind2=" ">
      <subfield code="a">Praefatio</subfield>
      <subfield code="g">f. 2r-2v</subfield>
    </datafield>
    <datafield tag="505" ind1="0" ind2=" ">
      <subfield code="a">Tractatus primus De instrumentis sciendi</subfield>
      <subfield code="g">f. 2v-22r</subfield>
    </datafield>
    <datafield tag="505" ind1="0" ind2=" ">
      <subfield code="a">* Caput primum De definitione</subfield>
      <subfield code="g">f. 3r-7v</subfield>
    </datafield>
    <datafield tag="505" ind1="0" ind2=" ">
      <subfield code="a">** Paragraphus primus Quid et quotuplex sit defintio rei</subfield>
      <subfield code="g">f. 3r-6v</subfield>
    </datafield>
    <datafield tag="505" ind1="0" ind2=" ">
      <subfield code="a">** Paragraphus secundus De definitione nominis ejusque utilitate</subfield>
      <subfield code="g">f. 6v-7v</subfield>
    </datafield>
    <datafield tag="505" ind1="0" ind2=" ">
      <subfield code="a">* Caput secundum De divisione</subfield>
      <subfield code="g">f. 8r-9v</subfield>
    </datafield>
    <datafield tag="505" ind1="0" ind2=" ">
      <subfield code="a">* Caput tertium De argumentatione</subfield>
      <subfield code="g">f. 9v-22r</subfield>
    </datafield>
    <datafield tag="505" ind1="0" ind2=" ">
      <subfield code="a">** Paragraphus primus Quid sit argumentatio et quotuplex, quid est argumentatio?</subfield>
      <subfield code="g">f. 10r-11v</subfield>
    </datafield>
    <datafield tag="505" ind1="0" ind2=" ">
      <subfield code="a">** Paragraphus secundus De modo disputandi</subfield>
      <subfield code="g">f. 11v-16r</subfield>
    </datafield>
    <datafield tag="505" ind1="0" ind2=" ">
      <subfield code="a">** Paragraphus tertius Explicatio terminorum quorum frequens est usus in disputationibus publicis</subfield>
      <subfield code="g">f. 16r-22r</subfield>
    </datafield>
    <datafield tag="505" ind1="0" ind2=" ">
      <subfield code="a">Tractatus secundus De generalibus rerum signis et speciatim de vocibus</subfield>
      <subfield code="g">f. 22r-52v</subfield>
    </datafield>
    <datafield tag="505" ind1="0" ind2=" ">
      <subfield code="a">* Caput primum De signis</subfield>
      <subfield code="g">f. 22v-29r</subfield>
    </datafield>
    <datafield tag="505" ind1="0" ind2=" ">
      <subfield code="a">** Paragraphus primus De signo generaliter considerato</subfield>
      <subfield code="g">f. 22r-23v</subfield>
    </datafield>
    <datafield tag="505" ind1="0" ind2=" ">
      <subfield code="a">** Paragraphus secundus De signo formali et instrumentali</subfield>
      <subfield code="g">f. 23v-24v</subfield>
    </datafield>
    <datafield tag="505" ind1="0" ind2=" ">
      <subfield code="a">** Paragraphus tertius De signa naturali, arbitrario et neutro, item de signo practico et speculativo</subfield>
      <subfield code="g">f. 24v-26v</subfield>
    </datafield>
    <datafield tag="505" ind1="0" ind2=" ">
      <subfield code="a">** Paragraphus quartus De signo demonstrativo, commemorativo et prognostico</subfield>
      <subfield code="g">f. 26v-28r</subfield>
    </datafield>
    <datafield tag="505" ind1="0" ind2=" ">
      <subfield code="a">** Paragraphus quintus De reliquis signi devisionibus</subfield>
      <subfield code="g">f. 28r-29r</subfield>
    </datafield>
    <datafield tag="505" ind1="0" ind2=" ">
      <subfield code="a">* Caput secundum De voce generatim ejusque divisionibus</subfield>
      <subfield code="g">f. 29r-41r</subfield>
    </datafield>
    <datafield tag="505" ind1="0" ind2=" ">
      <subfield code="a">** Paragraphus primus Quid sit vox et quae ejus divisiones</subfield>
      <subfield code="g">f. 29r-30r</subfield>
    </datafield>
    <datafield tag="505" ind1="0" ind2=" ">
      <subfield code="a">** Paragraphus secundus De significatis vocum</subfield>
      <subfield code="g">f. 30r-34v</subfield>
    </datafield>
    <datafield tag="505" ind1="0" ind2=" ">
      <subfield code="a">** Paragraphus tertius De voce simplici et complexa</subfield>
      <subfield code="g">f. 34v-35v</subfield>
    </datafield>
    <datafield tag="505" ind1="0" ind2=" ">
      <subfield code="a">** Paragraphus quartus De voce concreta et abstracta</subfield>
      <subfield code="g">f. 35v-37r</subfield>
    </datafield>
    <datafield tag="505" ind1="0" ind2=" ">
      <subfield code="a">** Paragraphus quintus De voce univoca et aequivoca</subfield>
      <subfield code="g">f. 37r-39r</subfield>
    </datafield>
    <datafield tag="505" ind1="0" ind2=" ">
      <subfield code="a">** Paragraphus sextus De voce communi et singulari</subfield>
      <subfield code="g">f. 39r-40v</subfield>
    </datafield>
    <datafield tag="505" ind1="0" ind2=" ">
      <subfield code="a">** Paragraphus septimus De reliquis vocum divisionibus</subfield>
      <subfield code="g">f. 40r-41r</subfield>
    </datafield>
    <datafield tag="505" ind1="0" ind2=" ">
      <subfield code="a">* Caput tertium De acceptionibus et affectionibus vocum</subfield>
      <subfield code="g">f. 41r-52v</subfield>
    </datafield>
    <datafield tag="505" ind1="0" ind2=" ">
      <subfield code="a">** Paragraphus primum De acceptione vocis generatim, et speciatim de acceptione formali et materiali</subfield>
      <subfield code="g">f. 41v-42v</subfield>
    </datafield>
    <datafield tag="505" ind1="0" ind2=" ">
      <subfield code="a">** Paragraphus secundus De acceptione simplici, personali et absoluta</subfield>
      <subfield code="g">f. 42v-43v</subfield>
    </datafield>
    <datafield tag="505" ind1="0" ind2=" ">
      <subfield code="a">** Paragraphus tertius De acceptione communi et singulari</subfield>
      <subfield code="g">f. 43v-44r</subfield>
    </datafield>
    <datafield tag="505" ind1="0" ind2=" ">
      <subfield code="a">** Paragraphus quartus De acceptione copulativa</subfield>
      <subfield code="g">f. 44r-47v</subfield>
    </datafield>
    <datafield tag="505" ind1="0" ind2=" ">
      <subfield code="a">** Paragraphus quintus De acceptione copulata</subfield>
      <subfield code="g">f. 47v-48v</subfield>
    </datafield>
    <datafield tag="505" ind1="0" ind2=" ">
      <subfield code="a">** Paragraphus sextus De acceptione disjunctiva</subfield>
      <subfield code="g">f. 48v-49v</subfield>
    </datafield>
    <datafield tag="505" ind1="0" ind2=" ">
      <subfield code="a">** Paragraphus septimus De acceptione disjuncta</subfield>
      <subfield code="g">f. 49v-50r</subfield>
    </datafield>
    <datafield tag="505" ind1="0" ind2=" ">
      <subfield code="a">** Paragraphus octavus De statu, distractione et ampliatione vocis</subfield>
      <subfield code="g">f. 50r-52v</subfield>
    </datafield>
    <datafield tag="505" ind1="0" ind2=" ">
      <subfield code="a">Tractatus tertius De enuntiationibus</subfield>
      <subfield code="g">f. 53r-95r</subfield>
    </datafield>
    <datafield tag="505" ind1="0" ind2=" ">
      <subfield code="a">* Caput primum De enuntiatione simplici ejusque partibus et speciebus</subfield>
      <subfield code="g">f. 53r-60v</subfield>
    </datafield>
    <datafield tag="505" ind1="0" ind2=" ">
      <subfield code="a">** Paragraphus primus Quid si enuntiatio simplex, et quae ejus partes</subfield>
      <subfield code="g">f. 53r-56r</subfield>
    </datafield>
    <datafield tag="505" ind1="0" ind2=" ">
      <subfield code="a">** Paragraphus secundus De propositione formali et non formali item de propositione materiali et accidentali</subfield>
      <subfield code="g">f. 56r-57r</subfield>
    </datafield>
    <datafield tag="505" ind1="0" ind2=" ">
      <subfield code="a">** Paragraphus tertius De qualitate propositionum</subfield>
      <subfield code="g">f. 57r-57v</subfield>
    </datafield>
    <datafield tag="505" ind1="0" ind2=" ">
      <subfield code="a">** Paragraphus quartus De quantitate propositionum</subfield>
      <subfield code="g">f. 57v-58v</subfield>
    </datafield>
    <datafield tag="505" ind1="0" ind2=" ">
      <subfield code="a">** Paragraphus quintus De propositione indefinita</subfield>
      <subfield code="g">f. 58v-60r</subfield>
    </datafield>
    <datafield tag="505" ind1="0" ind2=" ">
      <subfield code="a">** Paragraphus sextus De propositione singulari</subfield>
      <subfield code="g">f. 60r-60v</subfield>
    </datafield>
    <datafield tag="505" ind1="0" ind2=" ">
      <subfield code="a">* Caput secundum De proprietatibus propositionis secundum se spectatae</subfield>
      <subfield code="g">f. 61r-82v</subfield>
    </datafield>
    <datafield tag="505" ind1="0" ind2=" ">
      <subfield code="a">** Paragraphus primus De veritate et falsitate propositionis</subfield>
      <subfield code="g">f. 61r-77r</subfield>
    </datafield>
    <datafield tag="505" ind1="0" ind2=" ">
      <subfield code="a">** Paragraphus secundus De veracitate et fallacitate propositionum</subfield>
      <subfield code="g">f. 77r-81v</subfield>
    </datafield>
    <datafield tag="505" ind1="0" ind2=" ">
      <subfield code="a">** Paragraphus tertius De necessitate, impossibilitate et contingentia propostionum</subfield>
      <subfield code="g">f. 81v-82v</subfield>
    </datafield>
    <datafield tag="505" ind1="0" ind2=" ">
      <subfield code="a">* Caput tertium De proprietatibus rivis(?) enunciationum</subfield>
      <subfield code="g">f. 82v-95r</subfield>
    </datafield>
    <datafield tag="505" ind1="0" ind2=" ">
      <subfield code="a">** Paragraphus primus De antecedente, consequente, consequentia et regulis sequentiarium</subfield>
      <subfield code="g">f. 82v-84r</subfield>
    </datafield>
    <datafield tag="505" ind1="0" ind2=" ">
      <subfield code="a">** Paragraphus secundus De rantia, aequivalentia et aequipollentia propositionum</subfield>
      <subfield code="g">f. 84r-84v</subfield>
    </datafield>
    <datafield tag="505" ind1="0" ind2=" ">
      <subfield code="a">* Caput quartum De enumeracionibus compositis et complexis</subfield>
      <subfield code="g">f. 85r-95r</subfield>
    </datafield>
    <datafield tag="505" ind1="0" ind2=" ">
      <subfield code="a">** Articulus primus De enunciationibus compositis</subfield>
      <subfield code="g">f. 85r-89r</subfield>
    </datafield>
    <datafield tag="505" ind1="0" ind2=" ">
      <subfield code="a">** Articulus secundus De enunciationibus exponibilibus</subfield>
      <subfield code="g">f. 89r-92r</subfield>
    </datafield>
    <datafield tag="505" ind1="0" ind2=" ">
      <subfield code="a">** Articulus tertius De enunciationibus complexis</subfield>
      <subfield code="g">f. 92r-95r</subfield>
    </datafield>
    <datafield tag="505" ind1="0" ind2=" ">
      <subfield code="a">Tactatus quartus De argumentatione materali seu topica</subfield>
      <subfield code="g">f. 95r-112v</subfield>
    </datafield>
    <datafield tag="505" ind1="0" ind2=" ">
      <subfield code="a">* Caput primum De argumentatione naturali generatim</subfield>
      <subfield code="g">f. 95r-97r</subfield>
    </datafield>
    <datafield tag="505" ind1="0" ind2=" ">
      <subfield code="a">* Caput secundum De quinque locis magis famosis</subfield>
      <subfield code="g">f. 97r-102v</subfield>
    </datafield>
    <datafield tag="505" ind1="0" ind2=" ">
      <subfield code="a">* Caput tertium De locis minus famosis</subfield>
      <subfield code="g">f. 102v-112v</subfield>
    </datafield>
    <datafield tag="505" ind1="0" ind2=" ">
      <subfield code="a">Quaestiones ex Logica sermocinalis [cum solutiones]</subfield>
      <subfield code="g">f. 115r-125r</subfield>
    </datafield>
    <datafield tag="546" ind1=" " ind2=" ">
      <subfield code="a">Latin</subfield>
    </datafield>
    <datafield tag="653" ind1=" " ind2="6">
      <subfield code="a">Manuscripts</subfield>
    </datafield>
    <datafield tag="653" ind1=" " ind2="6">
      <subfield code="a">Lecture notes</subfield>
    </datafield>
    <datafield tag="700" ind1="1" ind2=" ">
      <subfield code="a">Van Waes, Jacobus</subfield>
      <subfield code="4">pfs</subfield>
      <subfield code="3">professor secundarius</subfield>
    </datafield>
    <datafield tag="700" ind1="1" ind2=" ">
      <subfield code="a">Dewael, Henricus</subfield>
      <subfield code="4">stu</subfield>
    </datafield>
    <datafield tag="830" ind1=" " ind2="0">
      <subfield code="a">Topica</subfield>
    </datafield>
    <datafield tag="830" ind1=" " ind2="0">
      <subfield code="a">De vocibus</subfield>
    </datafield>
    <datafield tag="830" ind1=" " ind2="0">
      <subfield code="a">De signo</subfield>
    </datafield>
    <datafield tag="830" ind1=" " ind2="0">
      <subfield code="a">De propositionibus</subfield>
    </datafield>
    <datafield tag="830" ind1=" " ind2="0">
      <subfield code="a">De instrumentis sciendi</subfield>
    </datafield>
    <datafield tag="830" ind1=" " ind2="0">
      <subfield code="a">De enuntiatione</subfield>
    </datafield>
    <datafield tag="830" ind1=" " ind2="0">
      <subfield code="a">De argumentatione materiali</subfield>
    </datafield>
    <datafield tag="830" ind1=" " ind2="0">
      <subfield code="a">De acceptionibus vocum</subfield>
    </datafield>
    <datafield tag="856" ind1="4" ind2="0">
      <subfield code="u">http://resolver.lias.be/get_pid?view&amp;usagetype=VIEW_MAIN,VIEW&amp;pid=3136048</subfield>
      <subfield code="y">Online version in LIAS</subfield>
    </datafield>
    <datafield tag="852" ind1=" " ind2=" ">
      <subfield code="8">22267034260001488</subfield>
      <subfield code="b">BIBC</subfield>
      <subfield code="c">BRES</subfield>
      <subfield code="h">Ms. 357</subfield>
    </datafield>
    <datafield tag="900" ind1=" " ind2=" ">
      <subfield code="a">CONSOLIDATED RECORD</subfield>
      <subfield code="b">KU Leuven</subfield>
    </datafield>
    <datafield tag="952" ind1=" " ind2=" ">
      <subfield code="d">Leuven (Louvain)</subfield>
      <subfield code="e">Pedagogie De Valk</subfield>
      <subfield code="0">(ODIS-ORG)35506</subfield>
      <subfield code="f">Faculty of Arts, Paedagogium Falconis</subfield>
    </datafield>
    <datafield tag="953" ind1=" " ind2=" ">
      <subfield code="b">1701-1800</subfield>
    </datafield>
    <datafield tag="996" ind1=" " ind2=" ">
      <subfield code="a">BIBC</subfield>
      <subfield code="b">physical</subfield>
      <subfield code="c">201509</subfield>
      <subfield code="d">Lectio Magister dixit</subfield>
    </datafield>
  </record>