
  <record>
    <leader>10835ntm a2201789 u 4500</leader>
    <controlfield tag="001">9983686250101488</controlfield>
    <controlfield tag="005">20151221075650.0</controlfield>
    <controlfield tag="008">111129m17201723xx      |     000 0 lat c</controlfield>
    <datafield tag="035" ind1=" " ind2=" ">
      <subfield code="a">(BeLVLBS)008368625LBS01-Aleph</subfield>
    </datafield>
    <datafield tag="035" ind1=" " ind2=" ">
      <subfield code="a">(EXLNZ-32KUL_LIBIS_NETWORK)9983686250101471</subfield>
    </datafield>
    <datafield tag="245" ind1="0" ind2="0">
      <subfield code="a">Logica.</subfield>
    </datafield>
    <datafield tag="246" ind1="1" ind2="3">
      <subfield code="a">Logicae Lovaniensis tomus primus</subfield>
    </datafield>
    <datafield tag="246" ind1="1" ind2="3">
      <subfield code="a">Logicæ Lovansiensis tomus primus dictatus à doctissimo Domino Jo[ann]e Bapt[ist]a Goffoul Lovaniensi philosphiæ professore primario 1720. Christophoro Devisscher Bruxellensi auditore</subfield>
    </datafield>
    <datafield tag="260" ind1=" " ind2=" ">
      <subfield code="c">1720-1723.</subfield>
    </datafield>
    <datafield tag="300" ind1=" " ind2=" ">
      <subfield code="a">506 p.</subfield>
      <subfield code="b">ill.</subfield>
      <subfield code="c">195 x 155 mm.</subfield>
    </datafield>
    <datafield tag="300" ind1=" " ind2=" ">
      <subfield code="a">Brown leather binding ; gold tooled spine with title &quot;Logica tomus I&quot;.</subfield>
    </datafield>
    <datafield tag="336" ind1=" " ind2=" ">
      <subfield code="a">text</subfield>
      <subfield code="2">rdacontent</subfield>
    </datafield>
    <datafield tag="337" ind1=" " ind2=" ">
      <subfield code="a">unmediated</subfield>
      <subfield code="2">rdamedia</subfield>
    </datafield>
    <datafield tag="338" ind1=" " ind2=" ">
      <subfield code="a">volume</subfield>
      <subfield code="2">rdacarrier</subfield>
    </datafield>
    <datafield tag="340" ind1=" " ind2=" ">
      <subfield code="e">Paper</subfield>
    </datafield>
    <datafield tag="351" ind1=" " ind2=" ">
      <subfield code="a">Band in bruin leder ; goud gestempelde rug met titel &quot;Logica tomus I&quot;.</subfield>
    </datafield>
    <datafield tag="500" ind1=" " ind2=" ">
      <subfield code="a">Title created by cataloguer</subfield>
    </datafield>
    <datafield tag="500" ind1=" " ind2=" ">
      <subfield code="a">1 Chronogram</subfield>
    </datafield>
    <datafield tag="500" ind1=" " ind2=" ">
      <subfield code="a">Chronogram on p. 504 reads : sUbtILIs LogICa aMor sapIentIæ JUre defInItUr [= 1723]</subfield>
    </datafield>
    <datafield tag="500" ind1=" " ind2=" ">
      <subfield code="a">6 colophons</subfield>
    </datafield>
    <datafield tag="500" ind1=" " ind2=" ">
      <subfield code="a">Colophon on p. 78 reads : Finis Materiae promotionis De universali decima quarta novembris Datus anno 1722</subfield>
    </datafield>
    <datafield tag="500" ind1=" " ind2=" ">
      <subfield code="a">Colophon on p. 187 reads : Finis Libri primi datus quinta martii anno 1723</subfield>
    </datafield>
    <datafield tag="500" ind1=" " ind2=" ">
      <subfield code="a">Colophon on p. 339 reads : Finis promotionis sijllogismi datus 25 junii 1723</subfield>
    </datafield>
    <datafield tag="500" ind1=" " ind2=" ">
      <subfield code="a">Colophon on p. 346 reads : dixi</subfield>
    </datafield>
    <datafield tag="500" ind1=" " ind2=" ">
      <subfield code="a">Colophon on p. 503 reads : Finis</subfield>
    </datafield>
    <datafield tag="500" ind1=" " ind2=" ">
      <subfield code="a">Colophon on p. 504 reads : Anno 1723</subfield>
    </datafield>
    <datafield tag="505" ind1="0" ind2=" ">
      <subfield code="a">Logicae Lovaniensis tomus primus</subfield>
    </datafield>
    <datafield tag="505" ind1="0" ind2=" ">
      <subfield code="a">* Praefatio in Logicam</subfield>
      <subfield code="g">p. 1</subfield>
    </datafield>
    <datafield tag="505" ind1="0" ind2=" ">
      <subfield code="a">* actatus preluminaris</subfield>
      <subfield code="g">p. 2-94</subfield>
    </datafield>
    <datafield tag="505" ind1="0" ind2=" ">
      <subfield code="a">** Caput primum De iisdem et diversis</subfield>
      <subfield code="g">p. 2-29</subfield>
    </datafield>
    <datafield tag="505" ind1="0" ind2=" ">
      <subfield code="a">*** Paragraphus primus Quaenam sint eadem et quaenam diversa</subfield>
      <subfield code="g">p. 2-7</subfield>
    </datafield>
    <datafield tag="505" ind1="0" ind2=" ">
      <subfield code="a">*** Paragraphus secundus De distinctione reali et distinctione rationis</subfield>
      <subfield code="g">p. 7-12</subfield>
    </datafield>
    <datafield tag="505" ind1="0" ind2=" ">
      <subfield code="a">*** Paragraphus tertius De toto et parte</subfield>
      <subfield code="g">p. 12-16</subfield>
    </datafield>
    <datafield tag="505" ind1="0" ind2=" ">
      <subfield code="a">*** Paragraphus quartus De forma et subjecto</subfield>
      <subfield code="g">p. 16-21</subfield>
    </datafield>
    <datafield tag="505" ind1="0" ind2=" ">
      <subfield code="a">*** Paragraphus quintus De superiori, inferiori et differentia</subfield>
      <subfield code="g">p. 21-22</subfield>
    </datafield>
    <datafield tag="505" ind1="0" ind2=" ">
      <subfield code="a">*** Paragraphus sextus De differentia constitutiva et differentia divisiva</subfield>
      <subfield code="g">p. 22-24</subfield>
    </datafield>
    <datafield tag="505" ind1="0" ind2=" ">
      <subfield code="a">*** Paragraphus septimus De differentia ultimo, constitutiva et non ultimo constitutiva</subfield>
      <subfield code="g">p. 24-25</subfield>
    </datafield>
    <datafield tag="505" ind1="0" ind2=" ">
      <subfield code="a">*** Paragraphus octavus De genere et specie praedicabili</subfield>
      <subfield code="g">p. 25-26</subfield>
    </datafield>
    <datafield tag="505" ind1="0" ind2=" ">
      <subfield code="a">*** Paragraphus nonus De modis inexistendi</subfield>
      <subfield code="g">p. 26-30</subfield>
    </datafield>
    <datafield tag="505" ind1="0" ind2=" ">
      <subfield code="a">** Caput secundum De universali</subfield>
      <subfield code="g">p. 30-78</subfield>
    </datafield>
    <datafield tag="505" ind1="0" ind2=" ">
      <subfield code="a">*** Paragraphus primus Quid et quotuplex sit universale</subfield>
      <subfield code="g">p. 30-31</subfield>
    </datafield>
    <datafield tag="505" ind1="0" ind2=" ">
      <subfield code="a">*** Paragraphus secundus De subjicibili universalis</subfield>
      <subfield code="g">p. 32-33</subfield>
    </datafield>
    <datafield tag="505" ind1="0" ind2=" ">
      <subfield code="a">*** Paragraphus tertius De arbore praedicamentali</subfield>
      <subfield code="g">p. 33</subfield>
    </datafield>
    <datafield tag="505" ind1="0" ind2=" ">
      <subfield code="a">*** Appendix</subfield>
      <subfield code="g">p. 34-37</subfield>
    </datafield>
    <datafield tag="505" ind1="0" ind2=" ">
      <subfield code="a">**** Paragraphus primus De universali juxta primum modum</subfield>
      <subfield code="g">p. 34-37</subfield>
    </datafield>
    <datafield tag="505" ind1="0" ind2=" ">
      <subfield code="a">**** Paragraphus secundus De universali et subjicibili juxta quartum modum</subfield>
      <subfield code="g">p. 38-41</subfield>
    </datafield>
    <datafield tag="505" ind1="0" ind2=" ">
      <subfield code="a">**** Paragraphus tertius De universali et subjicibili juxta quintum</subfield>
      <subfield code="g">p. 41-44</subfield>
    </datafield>
    <datafield tag="505" ind1="0" ind2=" ">
      <subfield code="a">**** Paragraphus quartus De arbore praedicamentali specifice et generice explanata</subfield>
      <subfield code="g">p. 44-65</subfield>
    </datafield>
    <datafield tag="505" ind1="0" ind2=" ">
      <subfield code="a">*** Appendix prima - [secunda]</subfield>
      <subfield code="g">p. 66-78</subfield>
    </datafield>
    <datafield tag="505" ind1="0" ind2=" ">
      <subfield code="a">** Caput tertium De praedicamentis veterum</subfield>
      <subfield code="g">p. 79-94</subfield>
    </datafield>
    <datafield tag="505" ind1="0" ind2=" ">
      <subfield code="a">*** Paragraphus primus Quid et quotuplex sit praedicamentum</subfield>
      <subfield code="g">p. 79-81</subfield>
    </datafield>
    <datafield tag="505" ind1="0" ind2=" ">
      <subfield code="a">*** Paragraphus secundus De substantia et quantitate</subfield>
      <subfield code="g">p. 82-85</subfield>
    </datafield>
    <datafield tag="505" ind1="0" ind2=" ">
      <subfield code="a">*** Paragraphus tertius De qualitate</subfield>
      <subfield code="g">p. 85-89</subfield>
    </datafield>
    <datafield tag="505" ind1="0" ind2=" ">
      <subfield code="a">*** Paragraphus quartus De relatione</subfield>
      <subfield code="g">p. 89-92</subfield>
    </datafield>
    <datafield tag="505" ind1="0" ind2=" ">
      <subfield code="a">*** Paragraphus tertius [sic] De reliquis praedicamentis Aristotelis</subfield>
      <subfield code="g">p. 92-94</subfield>
    </datafield>
    <datafield tag="505" ind1="0" ind2=" ">
      <subfield code="a">* Logica recentiorum rationalis</subfield>
      <subfield code="g">p. 94-346</subfield>
    </datafield>
    <datafield tag="505" ind1="0" ind2=" ">
      <subfield code="a">** Liber primus De prima mentis cogitatione sive ideis</subfield>
      <subfield code="g">p. 94-187</subfield>
    </datafield>
    <datafield tag="505" ind1="0" ind2=" ">
      <subfield code="a">*** Caput primum De ideis generatim</subfield>
      <subfield code="g">p. 94-123</subfield>
    </datafield>
    <datafield tag="505" ind1="0" ind2=" ">
      <subfield code="a">* *** Paragraphus primus De natura idearum</subfield>
      <subfield code="g">p. 94-97</subfield>
    </datafield>
    <datafield tag="505" ind1="0" ind2=" ">
      <subfield code="a">**** Paragraphus secundus An pura intellectio differat ab imaginatione</subfield>
      <subfield code="g">p. 97-103</subfield>
    </datafield>
    <datafield tag="505" ind1="0" ind2=" ">
      <subfield code="a">**** Paragraphus tertius De origine idearum</subfield>
      <subfield code="g">p. 103-107</subfield>
    </datafield>
    <datafield tag="505" ind1="0" ind2=" ">
      <subfield code="a">**** Paragraphus quartus An dentur ideae innatae</subfield>
      <subfield code="g">p. 107-114</subfield>
    </datafield>
    <datafield tag="505" ind1="0" ind2=" ">
      <subfield code="a">**** Paragraphus quintus An mens nostra concipere possit entia rationis</subfield>
      <subfield code="g">p. 115-123</subfield>
    </datafield>
    <datafield tag="505" ind1="0" ind2=" ">
      <subfield code="a">*** Caput secundum De objectis idearum et categoriis recentiorum</subfield>
      <subfield code="g">p. 123-157</subfield>
    </datafield>
    <datafield tag="505" ind1="0" ind2=" ">
      <subfield code="a">**** Paragraphus primus De objectis idearum generatim</subfield>
      <subfield code="g">p. 123-126</subfield>
    </datafield>
    <datafield tag="505" ind1="0" ind2=" ">
      <subfield code="a">**** Paragraphus secundus An accidentia realiter distinguantur a substantiis</subfield>
      <subfield code="g">p. 126-140</subfield>
    </datafield>
    <datafield tag="505" ind1="0" ind2=" ">
      <subfield code="a">**** Paragraphus tertius An essentia rei distinguatur ab existentia ejusdem</subfield>
      <subfield code="g">p. 141-144</subfield>
    </datafield>
    <datafield tag="505" ind1="0" ind2=" ">
      <subfield code="a">**** Paragraphus quartus In quo consistat natura temporis</subfield>
      <subfield code="g">p. 144-151</subfield>
    </datafield>
    <datafield tag="505" ind1="0" ind2=" ">
      <subfield code="a">**** Paragraphus quintus Quaenam sint categoriae seu praedicamenta recentiorum</subfield>
      <subfield code="g">p. 151-157</subfield>
    </datafield>
    <datafield tag="505" ind1="0" ind2=" ">
      <subfield code="a">*** Caput tertium De veritate et falsitate idearum, item de variis speciebus</subfield>
      <subfield code="g">p. 158-187</subfield>
    </datafield>
    <datafield tag="505" ind1="0" ind2=" ">
      <subfield code="a">**** Paragraphus primus An ideaei possint esse falsae</subfield>
      <subfield code="g">p. 158-163</subfield>
    </datafield>
    <datafield tag="505" ind1="0" ind2=" ">
      <subfield code="a">**** Paragraphus secundus De idea simplici et composita adaequata et inadaequata</subfield>
      <subfield code="g">p. 163-165</subfield>
    </datafield>
    <datafield tag="505" ind1="0" ind2=" ">
      <subfield code="a">**** Paragraphus tertius De idea clara et confusa distincta et obscura</subfield>
      <subfield code="g">p. 165-168</subfield>
    </datafield>
    <datafield tag="505" ind1="0" ind2=" ">
      <subfield code="a">**** Paragraphus quartus De origine et causa obscuritatis ac confusionis idearum</subfield>
      <subfield code="g">p. 168-174</subfield>
    </datafield>
    <datafield tag="505" ind1="0" ind2=" ">
      <subfield code="a">**** Paragraphus quintus An utile sit hoc principium quid quid clare et distincte percipio est sicuti percipio</subfield>
      <subfield code="g">p. 174-187</subfield>
    </datafield>
    <datafield tag="505" ind1="0" ind2=" ">
      <subfield code="a">** Liber secundus De secunda mentis operatione seu judicio</subfield>
      <subfield code="g">p. 188-253</subfield>
    </datafield>
    <datafield tag="505" ind1="0" ind2=" ">
      <subfield code="a">*** Caput primum De judicio secundum se et ejus motivo</subfield>
      <subfield code="g">p. 188-213</subfield>
    </datafield>
    <datafield tag="505" ind1="0" ind2=" ">
      <subfield code="a">**** Paragraphus primus De natura judicii secundum se et ejus divisionibus</subfield>
      <subfield code="g">p. 188-191</subfield>
    </datafield>
    <datafield tag="505" ind1="0" ind2=" ">
      <subfield code="a">**** Paragraphus secundus Uterum judicium sit actus intellectus an voluntatis</subfield>
      <subfield code="g">p. 191-199</subfield>
    </datafield>
    <datafield tag="505" ind1="0" ind2=" ">
      <subfield code="a">**** Paragraphus tertius An ad judicandum requiratur motivum</subfield>
      <subfield code="g">p. 199-201</subfield>
    </datafield>
    <datafield tag="505" ind1="0" ind2=" ">
      <subfield code="a">**** Paragraphus quartus An mens assentiri possit uni negativae dubiae vel uni duarum contradictoriarum aeque probabilium</subfield>
      <subfield code="g">p. 201-213</subfield>
    </datafield>
    <datafield tag="505" ind1="0" ind2=" ">
      <subfield code="a">*** Caput secundum De divisionibus judicii ratione motivi</subfield>
      <subfield code="g">p. 213-253</subfield>
    </datafield>
    <datafield tag="505" ind1="0" ind2=" ">
      <subfield code="a">**** Paragraphus primus De assensu infirmo et firmo certo et incerto</subfield>
      <subfield code="g">p. 213-217</subfield>
    </datafield>
    <datafield tag="505" ind1="0" ind2=" ">
      <subfield code="a">**** Paragraphus secundus An octur assensus infirmus</subfield>
      <subfield code="g">p. 217-220</subfield>
    </datafield>
    <datafield tag="505" ind1="0" ind2=" ">
      <subfield code="a">**** Paragraphus tertius An assensus infirmus possit esse prudens</subfield>
      <subfield code="g">p. 220-228</subfield>
    </datafield>
    <datafield tag="505" ind1="0" ind2=" ">
      <subfield code="a">**** Paragraphus quartus De assensu evidenti et inevidenti fide scientia et opinione</subfield>
      <subfield code="g">p. 228-231</subfield>
    </datafield>
    <datafield tag="505" ind1="0" ind2=" ">
      <subfield code="a">**** Paragraphus quintus Utra sit certior scientia an vero fides</subfield>
      <subfield code="g">p. 231-240</subfield>
    </datafield>
    <datafield tag="505" ind1="0" ind2=" ">
      <subfield code="a">**** Paragraphus sextus An fides et scientia de objecto simul esse possint in eadem mente</subfield>
      <subfield code="g">p. 240-248</subfield>
    </datafield>
    <datafield tag="505" ind1="0" ind2=" ">
      <subfield code="a">**** Paragraphus septimus An scientia et opinio ejusdem objecti simul esse possint in eadem mente</subfield>
      <subfield code="g">p. 248-250</subfield>
    </datafield>
    <datafield tag="505" ind1="0" ind2=" ">
      <subfield code="a">**** Paragraphus octavus An fides divina et opinio ejusdem objecti simul esse possint in eadem mente</subfield>
      <subfield code="g">p. 251-253</subfield>
    </datafield>
    <datafield tag="505" ind1="0" ind2=" ">
      <subfield code="a">** Liber tertius et ultimus De tertia mentis operatione seu discursu</subfield>
      <subfield code="g">p. 253-342</subfield>
    </datafield>
    <datafield tag="505" ind1="0" ind2=" ">
      <subfield code="a">*** Caput primum De discursu seu argumentatione generatim et specialiter de praecipuis argumentationis divisionibus</subfield>
      <subfield code="g">p. 253-343</subfield>
    </datafield>
    <datafield tag="505" ind1="0" ind2=" ">
      <subfield code="a">**** Paragraphus primus Quid sit discursus generatim, et quid argumentatio</subfield>
      <subfield code="g">p. 254-256</subfield>
    </datafield>
    <datafield tag="505" ind1="0" ind2=" ">
      <subfield code="a">**** Paragraphus secundus De praecipuis divisionibus discursus et argumentationis</subfield>
      <subfield code="g">p. 257-260</subfield>
    </datafield>
    <datafield tag="505" ind1="0" ind2=" ">
      <subfield code="a">**** Paragraphus tertius De conversione in terminis</subfield>
      <subfield code="g">p. 260-299</subfield>
    </datafield>
    <datafield tag="505" ind1="0" ind2=" ">
      <subfield code="a">***** De syllogismo Aristotelico</subfield>
      <subfield code="g">p. 266-275</subfield>
    </datafield>
    <datafield tag="505" ind1="0" ind2=" ">
      <subfield code="a">***** Syllogismi invalidi defectu regularum praecedentium</subfield>
      <subfield code="g">p. 275-277</subfield>
    </datafield>
    <datafield tag="505" ind1="0" ind2=" ">
      <subfield code="a">***** Variae divisiones syllogismi</subfield>
      <subfield code="g">p. 278-280</subfield>
    </datafield>
    <datafield tag="505" ind1="0" ind2=" ">
      <subfield code="a">***** De figura syllogistica</subfield>
      <subfield code="g">p. 280-283</subfield>
    </datafield>
    <datafield tag="505" ind1="0" ind2=" ">
      <subfield code="a">***** De modo syllogistico</subfield>
      <subfield code="g">p. 283-299</subfield>
    </datafield>
    <datafield tag="505" ind1="0" ind2=" ">
      <subfield code="a">**** Appendix prima</subfield>
      <subfield code="g">p. 299-305</subfield>
    </datafield>
    <datafield tag="505" ind1="0" ind2=" ">
      <subfield code="a">**** Appendix secunda</subfield>
      <subfield code="g">p. 305-310</subfield>
    </datafield>
    <datafield tag="505" ind1="0" ind2=" ">
      <subfield code="a">**** Appendix tertia</subfield>
      <subfield code="g">p. 310-318</subfield>
    </datafield>
    <datafield tag="505" ind1="0" ind2=" ">
      <subfield code="a">****Appendix quarta De propositionibus ponibilibus</subfield>
      <subfield code="g">p. 318-331</subfield>
    </datafield>
    <datafield tag="505" ind1="0" ind2=" ">
      <subfield code="a">**** De entimemate</subfield>
      <subfield code="g">p. 331-332</subfield>
    </datafield>
    <datafield tag="505" ind1="0" ind2=" ">
      <subfield code="a">**** Divisio syllogismo in varias species</subfield>
      <subfield code="g">p. 332-336</subfield>
    </datafield>
    <datafield tag="505" ind1="0" ind2=" ">
      <subfield code="a">**** De sophismatibus</subfield>
      <subfield code="g">p. 337-339</subfield>
    </datafield>
    <datafield tag="505" ind1="0" ind2=" ">
      <subfield code="a">**** Quaedam quaestiones De compositis</subfield>
      <subfield code="g">p. 340-343</subfield>
    </datafield>
    <datafield tag="505" ind1="0" ind2=" ">
      <subfield code="a">*** Oratio in laudem philosophiae</subfield>
      <subfield code="g">p. 343-346</subfield>
    </datafield>
    <datafield tag="505" ind1="0" ind2=" ">
      <subfield code="a">*** Repetitiones De universis promotionis materiis ac primo De universali et subjicibili</subfield>
      <subfield code="g">p. 347-378</subfield>
    </datafield>
    <datafield tag="505" ind1="0" ind2=" ">
      <subfield code="a">*** Repetitiones De vocibus</subfield>
      <subfield code="g">p. 379-410</subfield>
    </datafield>
    <datafield tag="505" ind1="0" ind2=" ">
      <subfield code="a">*** Repetitiones De compositis</subfield>
      <subfield code="g">p. 411-430</subfield>
    </datafield>
    <datafield tag="505" ind1="0" ind2=" ">
      <subfield code="a">*** Repetitiones De syllogismis</subfield>
      <subfield code="g">p. 430-477</subfield>
    </datafield>
    <datafield tag="505" ind1="0" ind2=" ">
      <subfield code="a">**** [Repetitiones] De ponibilibus</subfield>
      <subfield code="g">p. 477-480</subfield>
    </datafield>
    <datafield tag="505" ind1="0" ind2=" ">
      <subfield code="a">**** Repetitiones De topicis</subfield>
      <subfield code="g">p. 480-491</subfield>
    </datafield>
    <datafield tag="505" ind1="0" ind2=" ">
      <subfield code="a">**** Quaestiones quaedam inter quas habentur quaedam selectae de compositis de tribus propositionibus</subfield>
      <subfield code="g">p. 492-498</subfield>
    </datafield>
    <datafield tag="505" ind1="0" ind2=" ">
      <subfield code="a">* Index rerum tomi primi</subfield>
      <subfield code="g">p. 499-503</subfield>
    </datafield>
    <datafield tag="505" ind1="0" ind2=" ">
      <subfield code="a">* Subtilis logica amor sapientiæ jure definitur</subfield>
      <subfield code="g">p. 504</subfield>
    </datafield>
    <datafield tag="505" ind1="0" ind2=" ">
      <subfield code="a">* Errata facile corriges</subfield>
      <subfield code="g">p. 505</subfield>
    </datafield>
    <datafield tag="546" ind1=" " ind2=" ">
      <subfield code="a">Latin</subfield>
    </datafield>
    <datafield tag="653" ind1=" " ind2="6">
      <subfield code="a">Manuscripts</subfield>
    </datafield>
    <datafield tag="653" ind1=" " ind2="6">
      <subfield code="a">Lecture notes</subfield>
    </datafield>
    <datafield tag="700" ind1="1" ind2=" ">
      <subfield code="a">Goffoul, Joannes Baptista</subfield>
      <subfield code="d">1686-1727</subfield>
      <subfield code="3">professor primarius</subfield>
      <subfield code="4">pfs</subfield>
    </datafield>
    <datafield tag="700" ind1="1" ind2=" ">
      <subfield code="a">Devisscher, Christophorus</subfield>
      <subfield code="4">stu</subfield>
    </datafield>
    <datafield tag="700" ind1="1" ind2=" ">
      <subfield code="a">Denique, Petrus Augustinus</subfield>
      <subfield code="g">engraver</subfield>
      <subfield code="4">egr</subfield>
    </datafield>
    <datafield tag="830" ind1=" " ind2="0">
      <subfield code="a">Prooemium in Logicam</subfield>
    </datafield>
    <datafield tag="830" ind1=" " ind2="0">
      <subfield code="a">Praedicamenta</subfield>
    </datafield>
    <datafield tag="830" ind1=" " ind2="0">
      <subfield code="a">De universali</subfield>
    </datafield>
    <datafield tag="830" ind1=" " ind2="0">
      <subfield code="a">De iudicio</subfield>
    </datafield>
    <datafield tag="830" ind1=" " ind2="0">
      <subfield code="a">De iisdem et diversis</subfield>
    </datafield>
    <datafield tag="830" ind1=" " ind2="0">
      <subfield code="a">De ideis</subfield>
    </datafield>
    <datafield tag="830" ind1=" " ind2="0">
      <subfield code="a">De discursu</subfield>
    </datafield>
    <datafield tag="830" ind1=" " ind2="0">
      <subfield code="a">Categoriae</subfield>
    </datafield>
    <datafield tag="856" ind1="4" ind2="0">
      <subfield code="u">http://resolver.lias.be/get_pid?view&amp;usagetype=VIEW_MAIN,VIEW&amp;pid=3183071</subfield>
      <subfield code="y">Online version in LIAS</subfield>
    </datafield>
    <datafield tag="856" ind1="4" ind2="0">
      <subfield code="u">http://resolver.lias.be/get_pid?view&amp;usagetype=VIEW_MAIN,VIEW&amp;pid=1028292</subfield>
      <subfield code="y">Online version in LIAS</subfield>
    </datafield>
    <datafield tag="852" ind1=" " ind2=" ">
      <subfield code="8">22321161730001488</subfield>
      <subfield code="b">GBIB</subfield>
      <subfield code="c">GBIB</subfield>
      <subfield code="h">PM0326</subfield>
    </datafield>
    <datafield tag="900" ind1=" " ind2=" ">
      <subfield code="a">CONSOLIDATED RECORD</subfield>
      <subfield code="b">KU Leuven</subfield>
    </datafield>
    <datafield tag="950" ind1=" " ind2=" ">
      <subfield code="a">1</subfield>
      <subfield code="b">engraved titlepage</subfield>
      <subfield code="c">Aristoteles, Plato and sign of the Castle (Apud P. Denique Lovanii)</subfield>
    </datafield>
    <datafield tag="950" ind1=" " ind2=" ">
      <subfield code="a">p. 12b  :</subfield>
      <subfield code="b">engraving(s)</subfield>
      <subfield code="c">Partes Phisicæ et integrantes reductiue ad prædicamenta referuntur</subfield>
    </datafield>
    <datafield tag="950" ind1=" " ind2=" ">
      <subfield code="a">p. 14b  :</subfield>
      <subfield code="b">engraving(s)</subfield>
      <subfield code="c">De vnione Physica</subfield>
    </datafield>
    <datafield tag="950" ind1=" " ind2=" ">
      <subfield code="a">p. 20b :</subfield>
      <subfield code="b">engraving(s)</subfield>
      <subfield code="c">De Superiori et inferiori</subfield>
    </datafield>
    <datafield tag="950" ind1=" " ind2=" ">
      <subfield code="a">p. 22b  :</subfield>
      <subfield code="b">engraving(s)</subfield>
      <subfield code="c">De differntia generaliter</subfield>
    </datafield>
    <datafield tag="950" ind1=" " ind2=" ">
      <subfield code="a">p. 24b  :</subfield>
      <subfield code="b">engraving(s)</subfield>
      <subfield code="c">arbor Porphyrii</subfield>
    </datafield>
    <datafield tag="950" ind1=" " ind2=" ">
      <subfield code="a">p. 44c : drawn</subfield>
      <subfield code="b">folded leaflet(s)</subfield>
      <subfield code="c">ens in genere</subfield>
    </datafield>
    <datafield tag="950" ind1=" " ind2=" ">
      <subfield code="a">p. 266b :</subfield>
      <subfield code="b">engraving(s)</subfield>
      <subfield code="c">De sillogismo in baroco</subfield>
    </datafield>
    <datafield tag="950" ind1=" " ind2=" ">
      <subfield code="a">p. 342b  :</subfield>
      <subfield code="b">engraving(s)</subfield>
      <subfield code="c">Fine coronato nobilitatur opus</subfield>
    </datafield>
    <datafield tag="952" ind1=" " ind2=" ">
      <subfield code="d">Leuven (Louvain)</subfield>
      <subfield code="e">Pedagogie De Burcht</subfield>
      <subfield code="0">(ODIS-ORG)35503</subfield>
      <subfield code="f">Faculty of Arts, Paedagogium Castri</subfield>
    </datafield>
    <datafield tag="953" ind1=" " ind2=" ">
      <subfield code="b">1701-1800</subfield>
    </datafield>
    <datafield tag="996" ind1=" " ind2=" ">
      <subfield code="a">GBIB</subfield>
      <subfield code="b">physical</subfield>
      <subfield code="c">201509</subfield>
      <subfield code="d">Lectio Magister dixit</subfield>
    </datafield>
  </record>