
  <record>
    <leader>08044ntm a2201393 u 4500</leader>
    <controlfield tag="001">9982465140101488</controlfield>
    <controlfield tag="005">20151221075952.0</controlfield>
    <controlfield tag="008">110718s1768    xx      |     000 0 lat c</controlfield>
    <datafield tag="035" ind1=" " ind2=" ">
      <subfield code="a">(BeLVLBS)008246514LBS01-Aleph</subfield>
    </datafield>
    <datafield tag="035" ind1=" " ind2=" ">
      <subfield code="a">(EXLNZ-32KUL_LIBIS_NETWORK)9982465140101471</subfield>
    </datafield>
    <datafield tag="245" ind1="0" ind2="0">
      <subfield code="a">Logica</subfield>
    </datafield>
    <datafield tag="246" ind1="1" ind2="3">
      <subfield code="a">Logica realis et Cosmographia.</subfield>
    </datafield>
    <datafield tag="260" ind1=" " ind2="1">
      <subfield code="c">1768</subfield>
    </datafield>
    <datafield tag="300" ind1=" " ind2=" ">
      <subfield code="a">433 f.</subfield>
      <subfield code="b">ill.</subfield>
      <subfield code="c">197 x 160 mm.</subfield>
    </datafield>
    <datafield tag="300" ind1=" " ind2=" ">
      <subfield code="a">Cardboard binding ; half leather binding, spine and corners with brown leather, boards with brown paper ; gold tooled spine with title &quot;Logica realis et cosmographia&quot;</subfield>
    </datafield>
    <datafield tag="336" ind1=" " ind2=" ">
      <subfield code="a">text</subfield>
      <subfield code="2">rdacontent</subfield>
    </datafield>
    <datafield tag="337" ind1=" " ind2=" ">
      <subfield code="a">unmediated</subfield>
      <subfield code="2">rdamedia</subfield>
    </datafield>
    <datafield tag="338" ind1=" " ind2=" ">
      <subfield code="a">volume</subfield>
      <subfield code="2">rdacarrier</subfield>
    </datafield>
    <datafield tag="340" ind1=" " ind2=" ">
      <subfield code="e">Paper</subfield>
    </datafield>
    <datafield tag="351" ind1=" " ind2=" ">
      <subfield code="a">Band in karton ; rug en plathoeken overtokken met bruin leder, platten met bruin papier ; goud gestempelde rug met titel &quot;Logica realis et cosmographia&quot;</subfield>
    </datafield>
    <datafield tag="500" ind1=" " ind2=" ">
      <subfield code="a">Title ceated by cataloguer</subfield>
    </datafield>
    <datafield tag="505" ind1="0" ind2=" ">
      <subfield code="a">2 colophons</subfield>
    </datafield>
    <datafield tag="500" ind1=" " ind2=" ">
      <subfield code="a">Colophon on f. 249r reads : Finis Logicæ realis dictatæ a doctissimo Domino Domino Verheyden ex Crainhem artium doctore et philosophiæ professore secundario in celeberrimo pædagogio castrensi Scripta vero a me jacobo Ludovico Beaucarne ex Eenaeme ejusdem pædogogii alumno ad majorem Dei paræq[ue] Virginis ac S: Syornelii et Cypriani gloriam</subfield>
    </datafield>
    <datafield tag="500" ind1=" " ind2=" ">
      <subfield code="a">Colophon on f. 417r reads : Finis</subfield>
    </datafield>
    <datafield tag="500" ind1=" " ind2=" ">
      <subfield code="a">F. 1-20 : blanco</subfield>
    </datafield>
    <datafield tag="505" ind1="0" ind2=" ">
      <subfield code="a">Logica realis et Cosmographia</subfield>
    </datafield>
    <datafield tag="505" ind1="0" ind2=" ">
      <subfield code="a">Tractatus primus De logica reali</subfield>
      <subfield code="g">f. 21r-273r</subfield>
    </datafield>
    <datafield tag="505" ind1="0" ind2=" ">
      <subfield code="a">Logica realis</subfield>
      <subfield code="g">f. 30r-273r</subfield>
    </datafield>
    <datafield tag="505" ind1="0" ind2=" ">
      <subfield code="a">* Prooemium in logicam</subfield>
      <subfield code="g">f. 30r-35r</subfield>
    </datafield>
    <datafield tag="505" ind1="0" ind2=" ">
      <subfield code="a">* Sectio prima De ideis et perceptionibus</subfield>
      <subfield code="g">f. 35r-126r</subfield>
    </datafield>
    <datafield tag="505" ind1="0" ind2=" ">
      <subfield code="a">** Caput primum De natura idearum</subfield>
      <subfield code="g">f. 35v-42v</subfield>
    </datafield>
    <datafield tag="505" ind1="0" ind2=" ">
      <subfield code="a">** Caput secundum De censatione, imaginatione et intellectione pura</subfield>
      <subfield code="g">f. 42v-59v</subfield>
    </datafield>
    <datafield tag="505" ind1="0" ind2=" ">
      <subfield code="a">** Caput tertium De idearum origine</subfield>
      <subfield code="g">f. 59v-69r</subfield>
    </datafield>
    <datafield tag="505" ind1="0" ind2=" ">
      <subfield code="a">** Caput quartum De ideis rerum universim seu ut vocant in genere consideratarum</subfield>
      <subfield code="g">f. 69r-85r</subfield>
    </datafield>
    <datafield tag="505" ind1="0" ind2=" ">
      <subfield code="a">** [Caput quintum] De notionibus in specie</subfield>
      <subfield code="g">f. 85r-100r</subfield>
    </datafield>
    <datafield tag="505" ind1="0" ind2=" ">
      <subfield code="a">** Appendix Quaestionum</subfield>
      <subfield code="g">f. 100r-126r</subfield>
    </datafield>
    <datafield tag="505" ind1="0" ind2=" ">
      <subfield code="a">* Sectio secunda De judicio</subfield>
      <subfield code="g">f. 126r-186v</subfield>
    </datafield>
    <datafield tag="505" ind1="0" ind2=" ">
      <subfield code="a">** Caput primum De natura judicio</subfield>
      <subfield code="g">f. 127r-137r</subfield>
    </datafield>
    <datafield tag="505" ind1="0" ind2=" ">
      <subfield code="a">** Caput secundum De variis judicii divisionibus</subfield>
      <subfield code="g">f. 137r-152v</subfield>
    </datafield>
    <datafield tag="505" ind1="0" ind2=" ">
      <subfield code="a">** Caput tertium De motivis judiciorum speciatim</subfield>
      <subfield code="g">f. 152v-176r</subfield>
    </datafield>
    <datafield tag="505" ind1="0" ind2=" ">
      <subfield code="a">** Caput quartum De causis fontibus et decationibus errorum in judiciis eorumque remediis</subfield>
      <subfield code="g">f. 176r-186v</subfield>
    </datafield>
    <datafield tag="505" ind1="0" ind2=" ">
      <subfield code="a">* Sectio tertia De ratiocinatione seu discursu</subfield>
      <subfield code="g">f. 186v-235v</subfield>
    </datafield>
    <datafield tag="505" ind1="0" ind2=" ">
      <subfield code="a">** Caput primum De syllogismo in genere</subfield>
      <subfield code="g">f. 189v-191v</subfield>
    </datafield>
    <datafield tag="505" ind1="0" ind2=" ">
      <subfield code="a">** Caput secundum</subfield>
      <subfield code="g">f. 191v-206v</subfield>
    </datafield>
    <datafield tag="505" ind1="0" ind2=" ">
      <subfield code="a">** Caput tertium De omnibus argumentandi generibus de syllogismis compositis</subfield>
      <subfield code="g">f. 207r-220r</subfield>
    </datafield>
    <datafield tag="505" ind1="0" ind2=" ">
      <subfield code="a">** Caput quartum De syllogismis cripticis et vitiosis</subfield>
      <subfield code="g">f. 220r-235v</subfield>
    </datafield>
    <datafield tag="505" ind1="0" ind2=" ">
      <subfield code="a">* Sectio quarta De methodus</subfield>
      <subfield code="g">f. 235v-249r</subfield>
    </datafield>
    <datafield tag="505" ind1="0" ind2=" ">
      <subfield code="a">** Caput unicum De diversis methodis</subfield>
      <subfield code="g">f. 236r-249r</subfield>
    </datafield>
    <datafield tag="505" ind1="0" ind2=" ">
      <subfield code="a">* Quaestiones</subfield>
      <subfield code="g">f. 250r-260r</subfield>
    </datafield>
    <datafield tag="505" ind1="0" ind2=" ">
      <subfield code="a">* Appendix quaestionum ad tractatum De ideis</subfield>
      <subfield code="g">f. 265r-273r</subfield>
    </datafield>
    <datafield tag="505" ind1="0" ind2=" ">
      <subfield code="a">De cosmographia</subfield>
      <subfield code="g">f. 277r-433r</subfield>
    </datafield>
    <datafield tag="505" ind1="0" ind2=" ">
      <subfield code="a">* [De cosmographia]</subfield>
      <subfield code="g">f. 291r-303v</subfield>
    </datafield>
    <datafield tag="505" ind1="0" ind2=" ">
      <subfield code="a">** [Paragraphus septimus De zodiaco et eclyptica]</subfield>
      <subfield code="g">f. 291r-294r</subfield>
    </datafield>
    <datafield tag="505" ind1="0" ind2=" ">
      <subfield code="a">** Paragraphus octavus De 2bus coluris et 4 anni tempestatibus</subfield>
      <subfield code="g">f. 294r-296v</subfield>
    </datafield>
    <datafield tag="505" ind1="0" ind2=" ">
      <subfield code="a">** Paragraphus nonus De tropicis etcirculis polaribus</subfield>
      <subfield code="g">f. 296v-298v</subfield>
    </datafield>
    <datafield tag="505" ind1="0" ind2=" ">
      <subfield code="a">** Paragraphus decimus De triplici constitutione sphaerae</subfield>
      <subfield code="g">f. 298v-303r</subfield>
    </datafield>
    <datafield tag="505" ind1="0" ind2=" ">
      <subfield code="a">* [ De geographia]</subfield>
      <subfield code="g">f. 303v-393v</subfield>
    </datafield>
    <datafield tag="505" ind1="0" ind2=" ">
      <subfield code="a">** [Prooemium]</subfield>
      <subfield code="g">f. 303v-305v</subfield>
    </datafield>
    <datafield tag="505" ind1="0" ind2=" ">
      <subfield code="a">** Sectio prima De geographia mathematica</subfield>
      <subfield code="g">f. 305v-361r</subfield>
    </datafield>
    <datafield tag="505" ind1="0" ind2=" ">
      <subfield code="a">*** [Paragraphus primus]</subfield>
      <subfield code="g">f. 306v-307r</subfield>
    </datafield>
    <datafield tag="505" ind1="0" ind2=" ">
      <subfield code="a">*** Paragraphus secundus De perfecta rotunditate terrae</subfield>
      <subfield code="g">f. 307v-309r</subfield>
    </datafield>
    <datafield tag="505" ind1="0" ind2=" ">
      <subfield code="a">*** [Paragraphus tertius] De magnitudine globi terraquei</subfield>
      <subfield code="g">f. 309r-313v</subfield>
    </datafield>
    <datafield tag="505" ind1="0" ind2=" ">
      <subfield code="a">*** Paragraphus quartus De circulis geographiciae telluris</subfield>
      <subfield code="g">f. 314r-315v</subfield>
    </datafield>
    <datafield tag="505" ind1="0" ind2=" ">
      <subfield code="a">*** Paragraphus quintus De zonis</subfield>
      <subfield code="g">f. 315v-317v</subfield>
    </datafield>
    <datafield tag="505" ind1="0" ind2=" ">
      <subfield code="a">*** Paragraphus sextus de climatibus</subfield>
      <subfield code="g">f. 317v-319v</subfield>
    </datafield>
    <datafield tag="505" ind1="0" ind2=" ">
      <subfield code="a">*** Paragraphus septimus De plagis seu cardinibus mundi et ventis</subfield>
      <subfield code="g">f. 319v-321v</subfield>
    </datafield>
    <datafield tag="505" ind1="0" ind2=" ">
      <subfield code="a">*** Paragraphus octavus De divisione habitatorum terrae ratione diversitatis umbrarum item de antipodibus antesis et periesis</subfield>
      <subfield code="g">f. 321v-325r</subfield>
    </datafield>
    <datafield tag="505" ind1="0" ind2=" ">
      <subfield code="a">*** Paragraphus nonus De latitudine geographica</subfield>
      <subfield code="g">f. 325v-326v</subfield>
    </datafield>
    <datafield tag="505" ind1="0" ind2=" ">
      <subfield code="a">*** Paragraphus decimus De longitudine geographica et primo meridiano</subfield>
      <subfield code="g">f. 326v-333r</subfield>
    </datafield>
    <datafield tag="505" ind1="0" ind2=" ">
      <subfield code="a">** Articulus secundus Geographiae matematicae De constructione et usu globi geographici mapparum etc.</subfield>
      <subfield code="g">f. 333v-361v</subfield>
    </datafield>
    <datafield tag="505" ind1="0" ind2=" ">
      <subfield code="a">*** Paragraphus primus De constructione globi geographici</subfield>
      <subfield code="g">f. 333v-341v</subfield>
    </datafield>
    <datafield tag="505" ind1="0" ind2=" ">
      <subfield code="a">*** Paragraphus secundus De usu globi geographici</subfield>
      <subfield code="g">f. 341v-349r</subfield>
    </datafield>
    <datafield tag="505" ind1="0" ind2=" ">
      <subfield code="a">*** [Paragraphus tertius De mappis geographicis]</subfield>
      <subfield code="g">f. 349r-359v</subfield>
    </datafield>
    <datafield tag="505" ind1="0" ind2=" ">
      <subfield code="a">*** Paragraphus quartus De usu mapparum geographicarum</subfield>
      <subfield code="g">f. 359v-361r</subfield>
    </datafield>
    <datafield tag="505" ind1="0" ind2=" ">
      <subfield code="a">** Sectio secunda De geographia historica</subfield>
      <subfield code="g">f. 361r-393v</subfield>
    </datafield>
    <datafield tag="505" ind1="0" ind2=" ">
      <subfield code="a">*** Paragraphus primus De globi terraquei divisione</subfield>
      <subfield code="g">f. 361r-362v</subfield>
    </datafield>
    <datafield tag="505" ind1="0" ind2=" ">
      <subfield code="a">*** Paragraphus secundus De Europa</subfield>
      <subfield code="g">f. 363r-366v</subfield>
    </datafield>
    <datafield tag="505" ind1="0" ind2=" ">
      <subfield code="a">*** Paragraphus tertius De Hispania</subfield>
      <subfield code="g">f. 366v-368v</subfield>
    </datafield>
    <datafield tag="505" ind1="0" ind2=" ">
      <subfield code="a">*** [Paragraphus quartus] De Italia</subfield>
      <subfield code="g">f. 368v-370v</subfield>
    </datafield>
    <datafield tag="505" ind1="0" ind2=" ">
      <subfield code="a">*** Paragraphus quintus De Turcia Europea</subfield>
      <subfield code="g">f. 370v-371v</subfield>
    </datafield>
    <datafield tag="505" ind1="0" ind2=" ">
      <subfield code="a">*** Paragraphus quintus [= sextus] De 3bus majoribus Europae partibus intermediis</subfield>
      <subfield code="g">f. 371v-373v</subfield>
    </datafield>
    <datafield tag="505" ind1="0" ind2=" ">
      <subfield code="a">*** Appendix. De Helvetia</subfield>
      <subfield code="g">f. 373v-374r</subfield>
    </datafield>
    <datafield tag="505" ind1="0" ind2=" ">
      <subfield code="a">*** [De Belgio]</subfield>
      <subfield code="g">f. 374r-378r</subfield>
    </datafield>
    <datafield tag="505" ind1="0" ind2=" ">
      <subfield code="a">*** Paragraphus [octavus] De Germania seu imperio Romano Germanico</subfield>
      <subfield code="g">f. 378r-379v</subfield>
    </datafield>
    <datafield tag="505" ind1="0" ind2=" ">
      <subfield code="a">*** Paragraphus nonus De Polonia</subfield>
      <subfield code="g">f. 379v-380r</subfield>
    </datafield>
    <datafield tag="505" ind1="0" ind2=" ">
      <subfield code="a">*** Paragraphus decimus De insulis Britannicis</subfield>
      <subfield code="g">f. 380r-380v</subfield>
    </datafield>
    <datafield tag="505" ind1="0" ind2=" ">
      <subfield code="a">*** Paragraphus undecimus De Scandinavia</subfield>
      <subfield code="g">f. 380v-382r</subfield>
    </datafield>
    <datafield tag="505" ind1="0" ind2=" ">
      <subfield code="a">*** Paragraphus duodecimus De Moscovia seu Russia</subfield>
      <subfield code="g">f. 382r-382v</subfield>
    </datafield>
    <datafield tag="505" ind1="0" ind2=" ">
      <subfield code="a">*** Paragraphus tertius decimus De Asia</subfield>
      <subfield code="g">f. 382v-387r</subfield>
    </datafield>
    <datafield tag="505" ind1="0" ind2=" ">
      <subfield code="a">*** Paragraphus quartus decimus De Africa</subfield>
      <subfield code="g">f. 387r-388v</subfield>
    </datafield>
    <datafield tag="505" ind1="0" ind2=" ">
      <subfield code="a">*** Paragraphus quintus  decimus De novo orbe seu America</subfield>
      <subfield code="g">f. 388v-390v</subfield>
    </datafield>
    <datafield tag="505" ind1="0" ind2=" ">
      <subfield code="a">** Appendix</subfield>
      <subfield code="g">f. 390v-393v</subfield>
    </datafield>
    <datafield tag="505" ind1="0" ind2=" ">
      <subfield code="a">* De hidriographia</subfield>
      <subfield code="g">f. 393v-433v</subfield>
    </datafield>
    <datafield tag="505" ind1="0" ind2=" ">
      <subfield code="a">** Paragraphus primus De mari in generali ejusque salsedine</subfield>
      <subfield code="g">f. 393v-394v</subfield>
    </datafield>
    <datafield tag="505" ind1="0" ind2=" ">
      <subfield code="a">** Paragraphus secundus De oceano et varia ejus divisione</subfield>
      <subfield code="g">f. 395r-404r</subfield>
    </datafield>
    <datafield tag="505" ind1="0" ind2=" ">
      <subfield code="a">** Appendix. De aestu maris</subfield>
      <subfield code="g">f. 404r-417r</subfield>
    </datafield>
    <datafield tag="505" ind1="0" ind2=" ">
      <subfield code="a">** Quaestiones</subfield>
      <subfield code="g">f. 417r-433v</subfield>
    </datafield>
    <datafield tag="546" ind1=" " ind2=" ">
      <subfield code="a">Latin</subfield>
    </datafield>
    <datafield tag="653" ind1=" " ind2="6">
      <subfield code="a">Manuscripts</subfield>
    </datafield>
    <datafield tag="653" ind1=" " ind2="6">
      <subfield code="a">Lecture notes</subfield>
    </datafield>
    <datafield tag="700" ind1="1" ind2=" ">
      <subfield code="a">Verheyden, Engelbertus</subfield>
      <subfield code="d">1737-1804</subfield>
      <subfield code="3">professor secundarius</subfield>
      <subfield code="4">pfs</subfield>
    </datafield>
    <datafield tag="700" ind1="1" ind2=" ">
      <subfield code="a">Beaucarne, Jacobus Ludovicus</subfield>
      <subfield code="4">stu</subfield>
    </datafield>
    <datafield tag="700" ind1="1" ind2=" ">
      <subfield code="a">Becker, Charles</subfield>
      <subfield code="d">17th c.</subfield>
      <subfield code="4">egr</subfield>
    </datafield>
    <datafield tag="700" ind1="1" ind2=" ">
      <subfield code="a">Verhoeven, Joannes</subfield>
      <subfield code="g">engraver</subfield>
      <subfield code="4">egr</subfield>
    </datafield>
    <datafield tag="700" ind1="1" ind2=" ">
      <subfield code="a">Denique, Petrus Augustinus</subfield>
      <subfield code="g">engraver</subfield>
      <subfield code="4">egr</subfield>
    </datafield>
    <datafield tag="700" ind1="1" ind2=" ">
      <subfield code="a">Harrewijn, François</subfield>
      <subfield code="d">1700-1764</subfield>
      <subfield code="g">Flemish etcher, bookseller</subfield>
      <subfield code="4">egr</subfield>
    </datafield>
    <datafield tag="830" ind1=" " ind2="0">
      <subfield code="a">Prooemium in Logicam</subfield>
    </datafield>
    <datafield tag="830" ind1=" " ind2="0">
      <subfield code="a">De methodo</subfield>
    </datafield>
    <datafield tag="830" ind1=" " ind2="0">
      <subfield code="a">De iudicio</subfield>
    </datafield>
    <datafield tag="830" ind1=" " ind2="0">
      <subfield code="a">De ideis et perceptionibus</subfield>
    </datafield>
    <datafield tag="830" ind1=" " ind2="0">
      <subfield code="a">De discursu</subfield>
    </datafield>
    <datafield tag="856" ind1="4" ind2="0">
      <subfield code="u">http://resolver.lias.be/get_pid?view&amp;usagetype=VIEW_MAIN,VIEW&amp;pid=907711</subfield>
      <subfield code="y">Online version in LIAS</subfield>
    </datafield>
    <datafield tag="852" ind1=" " ind2=" ">
      <subfield code="8">22318697470001488</subfield>
      <subfield code="b">WBIB</subfield>
      <subfield code="c">WMAG</subfield>
      <subfield code="h">PRECA0018</subfield>
    </datafield>
    <datafield tag="900" ind1=" " ind2=" ">
      <subfield code="a">CONSOLIDATED RECORD</subfield>
      <subfield code="b">KU Leuven</subfield>
    </datafield>
    <datafield tag="950" ind1=" " ind2=" ">
      <subfield code="a">f. 1r :</subfield>
      <subfield code="b">engraved titlepage</subfield>
      <subfield code="c">Castrvm bella gerit, with image of The castle (H. Ioan Verhoeuen sculp.)</subfield>
    </datafield>
    <datafield tag="950" ind1=" " ind2=" ">
      <subfield code="a">f. 277r  : engraved</subfield>
      <subfield code="b">folded leaflet(s)</subfield>
      <subfield code="c">Sphæra Artificialis Seu Armillaris (Lovanii apud Denique / F. Harrewijn scul.)</subfield>
    </datafield>
    <datafield tag="950" ind1=" " ind2=" ">
      <subfield code="a">f. 285r  : engraved</subfield>
      <subfield code="b">folded leaflet(s)</subfield>
      <subfield code="c">[de sphæra](C.H.BecKer.F)</subfield>
    </datafield>
    <datafield tag="950" ind1=" " ind2=" ">
      <subfield code="a">f. 335r  : engraved</subfield>
      <subfield code="b">folded leaflet(s)</subfield>
      <subfield code="c">[Geographia mathematica (C.H.Becker.F.)</subfield>
    </datafield>
    <datafield tag="952" ind1=" " ind2=" ">
      <subfield code="d">Leuven (Louvain)</subfield>
      <subfield code="e">Pedagogie De Burcht</subfield>
      <subfield code="0">(ODIS-ORG)35503</subfield>
      <subfield code="f">Faculty of Arts, Paedagogium Castri</subfield>
    </datafield>
    <datafield tag="953" ind1=" " ind2=" ">
      <subfield code="b">1701-1800</subfield>
    </datafield>
    <datafield tag="996" ind1=" " ind2=" ">
      <subfield code="a">WBIB</subfield>
      <subfield code="b">physical</subfield>
      <subfield code="c">201509</subfield>
      <subfield code="d">Lectio Magister dixit</subfield>
    </datafield>
  </record>