
  <record>
    <leader>07738ntm a2201453u  4500</leader>
    <controlfield tag="001">9914031280101488</controlfield>
    <controlfield tag="005">20151221075414.0</controlfield>
    <controlfield tag="008">930209m17351737xx |||| |     000|0 lat c</controlfield>
    <datafield tag="035" ind1=" " ind2=" ">
      <subfield code="a">(BeLVLBS)001403128LBS01-Aleph</subfield>
    </datafield>
    <datafield tag="035" ind1=" " ind2=" ">
      <subfield code="a">4653776</subfield>
    </datafield>
    <datafield tag="035" ind1=" " ind2=" ">
      <subfield code="a">(EXLNZ-32KUL_LIBIS_NETWORK)9914031280101471</subfield>
    </datafield>
    <datafield tag="245" ind1="0" ind2="0">
      <subfield code="a">Philosophia pars prima, Seu Logica Realis, item Sermocinalis.</subfield>
    </datafield>
    <datafield tag="246" ind1="1" ind2="3">
      <subfield code="a">Philosophia pars prima, Seu Logica Realis, item Sermocinalis dictata in Florentissimo Pædagogio Falconis ã Consultissimo Dmo. Van Billoen et Doctissimo Do. Lelivelt in dicto Pædagogio Philosophiae professoribus.</subfield>
    </datafield>
    <datafield tag="246" ind1="1" ind2="3">
      <subfield code="a">Logica</subfield>
    </datafield>
    <datafield tag="260" ind1=" " ind2=" ">
      <subfield code="c">1735-1737.</subfield>
    </datafield>
    <datafield tag="300" ind1=" " ind2=" ">
      <subfield code="a">291 f.</subfield>
      <subfield code="b">ill.</subfield>
      <subfield code="c">213 x 165 mm.</subfield>
    </datafield>
    <datafield tag="300" ind1=" " ind2=" ">
      <subfield code="a">Brown sheepskin binding ; gold tooled spine</subfield>
    </datafield>
    <datafield tag="336" ind1=" " ind2=" ">
      <subfield code="a">text</subfield>
      <subfield code="2">rdacontent</subfield>
    </datafield>
    <datafield tag="337" ind1=" " ind2=" ">
      <subfield code="a">unmediated</subfield>
      <subfield code="2">rdamedia</subfield>
    </datafield>
    <datafield tag="338" ind1=" " ind2=" ">
      <subfield code="a">volume</subfield>
      <subfield code="2">rdacarrier</subfield>
    </datafield>
    <datafield tag="340" ind1=" " ind2=" ">
      <subfield code="e">Paper</subfield>
    </datafield>
    <datafield tag="351" ind1=" " ind2=" ">
      <subfield code="a">Band in bruin schaapsleder ; goud gestempelde rug.</subfield>
    </datafield>
    <datafield tag="500" ind1=" " ind2=" ">
      <subfield code="a">Accedunt quinque ex famosis promotionis materijs ab ijsdem pro more suo dictatis</subfield>
    </datafield>
    <datafield tag="500" ind1=" " ind2=" ">
      <subfield code="a">13 colophons</subfield>
    </datafield>
    <datafield tag="500" ind1=" " ind2=" ">
      <subfield code="a">Colophon on f. 4r reads : Philosophiam hâc 15. 8bris 1735</subfield>
    </datafield>
    <datafield tag="500" ind1=" " ind2=" ">
      <subfield code="a">Colophon on f. 64r reads : Hac 12 Maij 1736</subfield>
    </datafield>
    <datafield tag="500" ind1=" " ind2=" ">
      <subfield code="a">Colophon on f. 72v reads : Finis logicae realis</subfield>
    </datafield>
    <datafield tag="500" ind1=" " ind2=" ">
      <subfield code="a">Colophon on f. 73r reads : Uni, trinoque Deo Laus 1736</subfield>
    </datafield>
    <datafield tag="500" ind1=" " ind2=" ">
      <subfield code="a">Colophon on f. 78r reads : Philosophiam. Hac 14. 8bris 1735</subfield>
    </datafield>
    <datafield tag="500" ind1=" " ind2=" ">
      <subfield code="a">Colophon on f. 86v reads : Finis capitis 2di 1735</subfield>
    </datafield>
    <datafield tag="500" ind1=" " ind2=" ">
      <subfield code="a">Colophon on f. 152r reads : Ad promotionem Hâc 15. 8bris 1735</subfield>
    </datafield>
    <datafield tag="500" ind1=" " ind2=" ">
      <subfield code="a">Colophon on f. 183r reads : Ad promotionem Hâc 8bris 1835</subfield>
    </datafield>
    <datafield tag="500" ind1=" " ind2=" ">
      <subfield code="a">Colophon on f. 204r reads : Hâc 20. Februarij 1736</subfield>
    </datafield>
    <datafield tag="500" ind1=" " ind2=" ">
      <subfield code="a">Colophon on f. 211r reads : Hâc 23. Februij 1736</subfield>
    </datafield>
    <datafield tag="500" ind1=" " ind2=" ">
      <subfield code="a">Colophon on f. 235r reads : Ad promotionem. Hâc 6a. Martij 1736</subfield>
    </datafield>
    <datafield tag="500" ind1=" " ind2=" ">
      <subfield code="a">Colophon on f. 262r reads : Ad promotionem. Hâc 27. Julij 1736</subfield>
    </datafield>
    <datafield tag="500" ind1=" " ind2=" ">
      <subfield code="a">Colophon on f. 291v reads : &amp;t. finis</subfield>
    </datafield>
    <datafield tag="505" ind1="0" ind2=" ">
      <subfield code="a">Abbreviationes, quibus usus sum 1737</subfield>
      <subfield code="g">f. 1r</subfield>
    </datafield>
    <datafield tag="505" ind1="0" ind2=" ">
      <subfield code="a">Logica realis dictata â consultissimo dno vanbilloen</subfield>
      <subfield code="g">f. 3r-75r</subfield>
    </datafield>
    <datafield tag="505" ind1="0" ind2=" ">
      <subfield code="a">* Praefatio in universam</subfield>
      <subfield code="g">f. 4r-13v</subfield>
    </datafield>
    <datafield tag="505" ind1="0" ind2=" ">
      <subfield code="a">* Tractatus primus De ideis</subfield>
      <subfield code="g">f. 13v-29r</subfield>
    </datafield>
    <datafield tag="505" ind1="0" ind2=" ">
      <subfield code="a">** Caput primum De ideis secundum se spectatis</subfield>
      <subfield code="g">f. 14v-22r</subfield>
    </datafield>
    <datafield tag="505" ind1="0" ind2=" ">
      <subfield code="a">** Caput secundum De objectis idearum</subfield>
      <subfield code="g">f. 22r-29r</subfield>
    </datafield>
    <datafield tag="505" ind1="0" ind2=" ">
      <subfield code="a">* Tractatus secundus De judicio</subfield>
      <subfield code="g">f. 29v-49v</subfield>
    </datafield>
    <datafield tag="505" ind1="0" ind2=" ">
      <subfield code="a">** Caput primum De causis et affectionibus judij</subfield>
      <subfield code="g">f. 29v-31r</subfield>
    </datafield>
    <datafield tag="505" ind1="0" ind2=" ">
      <subfield code="a">** Caput secundum De motivis assensus</subfield>
      <subfield code="g">f. 31r-33</subfield>
    </datafield>
    <datafield tag="505" ind1="0" ind2=" ">
      <subfield code="a">** Caput tertium De divisione judicij</subfield>
      <subfield code="g">f. 33v-43r</subfield>
    </datafield>
    <datafield tag="505" ind1="0" ind2=" ">
      <subfield code="a">** Caput tertium De errore, ejusque causis et remedijs</subfield>
      <subfield code="g">f. 43r-49v</subfield>
    </datafield>
    <datafield tag="505" ind1="0" ind2=" ">
      <subfield code="a">* Tractatus tertius De discursu</subfield>
      <subfield code="g">f. 50r-64r</subfield>
    </datafield>
    <datafield tag="505" ind1="0" ind2=" ">
      <subfield code="a">** Caput primum De natura discursus</subfield>
      <subfield code="g">f. 50r-53r</subfield>
    </datafield>
    <datafield tag="505" ind1="0" ind2=" ">
      <subfield code="a">** Caput secundum De inductione, De exemplo, ...</subfield>
      <subfield code="g">f. 53r-55v</subfield>
    </datafield>
    <datafield tag="505" ind1="0" ind2=" ">
      <subfield code="a">** Caput tertium De syllogismo</subfield>
      <subfield code="g">f. 55v-61v</subfield>
    </datafield>
    <datafield tag="505" ind1="0" ind2=" ">
      <subfield code="a">** Caput quartum De sophismatibus, seu argumentione fallaci</subfield>
      <subfield code="g">f. 61v-64r</subfield>
    </datafield>
    <datafield tag="505" ind1="0" ind2=" ">
      <subfield code="a">* Tractatus quartus De methodo</subfield>
      <subfield code="g">f. 64-75r</subfield>
    </datafield>
    <datafield tag="505" ind1="0" ind2=" ">
      <subfield code="a">** Caput primum De methodo analytica, seu inventione</subfield>
      <subfield code="g">f. 65r-67v</subfield>
    </datafield>
    <datafield tag="505" ind1="0" ind2=" ">
      <subfield code="a">** Caput secundum De methodo syntheticâ</subfield>
      <subfield code="g">f. 67v-72v</subfield>
    </datafield>
    <datafield tag="505" ind1="0" ind2=" ">
      <subfield code="a">* Excercitatio questionorum ad precedentiva</subfield>
      <subfield code="g">f. 73r-75r</subfield>
    </datafield>
    <datafield tag="505" ind1="0" ind2=" ">
      <subfield code="a">Logica sermocinalis dictata â doctissimo domino Lelivelt</subfield>
      <subfield code="g">f. 77r-130r</subfield>
    </datafield>
    <datafield tag="505" ind1="0" ind2=" ">
      <subfield code="a">* Praefatio in universam</subfield>
      <subfield code="g">f. 78r-79r</subfield>
    </datafield>
    <datafield tag="505" ind1="0" ind2=" ">
      <subfield code="a">* Logica sermocinalis Tractatus primus</subfield>
      <subfield code="g">f. 79r-99v</subfield>
    </datafield>
    <datafield tag="505" ind1="0" ind2=" ">
      <subfield code="a">** Caput primum De instrumentis sciendi</subfield>
      <subfield code="g">f. 79r-84v</subfield>
    </datafield>
    <datafield tag="505" ind1="0" ind2=" ">
      <subfield code="a">** Caput secundum De signis, eorumque divisionibus, ec.</subfield>
      <subfield code="g">f. 84v-86v</subfield>
    </datafield>
    <datafield tag="505" ind1="0" ind2=" ">
      <subfield code="a">** Caput tertium De vocibus, earumque divisionibus</subfield>
      <subfield code="g">f. 87r-94v</subfield>
    </datafield>
    <datafield tag="505" ind1="0" ind2=" ">
      <subfield code="a">** Caput quartum De variis affectionibus vocum</subfield>
      <subfield code="g">f. 94v-99v</subfield>
    </datafield>
    <datafield tag="505" ind1="0" ind2=" ">
      <subfield code="a">* Logica sermonalis Tractatus secundus De enunciationibus tum simplicibus, tum compositus</subfield>
      <subfield code="g">f.99v-120v</subfield>
    </datafield>
    <datafield tag="505" ind1="0" ind2=" ">
      <subfield code="a">** Caput primum De enunciationibus generatim, ejusdem divisionibus</subfield>
      <subfield code="g">f. 99v-100v</subfield>
    </datafield>
    <datafield tag="505" ind1="0" ind2=" ">
      <subfield code="a">** Caput secundum De enunciatione simplici, sive propositione</subfield>
      <subfield code="g">f. 100v-117v</subfield>
    </datafield>
    <datafield tag="505" ind1="0" ind2=" ">
      <subfield code="a">** Caput tertium De enunciationibus compositis</subfield>
      <subfield code="g">f. 117v-119r</subfield>
    </datafield>
    <datafield tag="505" ind1="0" ind2=" ">
      <subfield code="a">** Caput quartum De enunciatione complexa</subfield>
      <subfield code="g">f. 119r-120r</subfield>
    </datafield>
    <datafield tag="505" ind1="0" ind2=" ">
      <subfield code="a">** Caput quintum De enunciationibus exponibilibus</subfield>
      <subfield code="g">f. 120r-120v</subfield>
    </datafield>
    <datafield tag="505" ind1="0" ind2=" ">
      <subfield code="a">* Tractatus tertius De argumentatione materiali, seu topica</subfield>
      <subfield code="g">f. 120v-130r</subfield>
    </datafield>
    <datafield tag="505" ind1="0" ind2=" ">
      <subfield code="a">** Caput primum De argumentatione materiali generatim</subfield>
      <subfield code="g">f. 120v-121v</subfield>
    </datafield>
    <datafield tag="505" ind1="0" ind2=" ">
      <subfield code="a">** Caput secundum De 5 locis magis famosis</subfield>
      <subfield code="g">f. 121v-123v</subfield>
    </datafield>
    <datafield tag="505" ind1="0" ind2=" ">
      <subfield code="a">** Caput tertium De locis minus famosis</subfield>
      <subfield code="g">f. 123v-128r</subfield>
    </datafield>
    <datafield tag="505" ind1="0" ind2=" ">
      <subfield code="a">** Caput quartum De sophismatibus</subfield>
      <subfield code="g">f. 128r-130r</subfield>
    </datafield>
    <datafield tag="505" ind1="0" ind2=" ">
      <subfield code="a">Tractatus de sophismatibus ab eximio viro domino m: steyaert</subfield>
      <subfield code="g">f. 132r-150v (printed text)</subfield>
    </datafield>
    <datafield tag="505" ind1="0" ind2=" ">
      <subfield code="a">* Caput primum De sophismatibus in rebus speculativis</subfield>
      <subfield code="g">f. 133r-138v</subfield>
    </datafield>
    <datafield tag="505" ind1="0" ind2=" ">
      <subfield code="a">* Caput secundum De sophismatibus Philautiae, utilitatis &amp; affectus</subfield>
      <subfield code="g">f. 138v-143r</subfield>
    </datafield>
    <datafield tag="505" ind1="0" ind2=" ">
      <subfield code="a">* Caput tertium De sophismatibus affectus; quae ex ipsis rebus, uimenti objiciuntur, profluunt</subfield>
      <subfield code="g">f. 143r-148r</subfield>
    </datafield>
    <datafield tag="505" ind1="0" ind2=" ">
      <subfield code="a">* De ratione publice disputandi minita brevia</subfield>
      <subfield code="g">f. 148v-150v</subfield>
    </datafield>
    <datafield tag="505" ind1="0" ind2=" ">
      <subfield code="a">Materia de universali dictata â consultissimo domino vanbilloen</subfield>
      <subfield code="g">f. 151-180v</subfield>
    </datafield>
    <datafield tag="505" ind1="0" ind2=" ">
      <subfield code="a">* Tractatus primus De universi in ordine</subfield>
      <subfield code="g">f. 151r-180v</subfield>
    </datafield>
    <datafield tag="505" ind1="0" ind2=" ">
      <subfield code="a">Materiali de vocibus dictata â doctissimo domino Lelivelt 182-260v</subfield>
    </datafield>
    <datafield tag="505" ind1="0" ind2=" ">
      <subfield code="a">* Tractatus secundus De vocibus</subfield>
      <subfield code="g">f. 182r-205r</subfield>
    </datafield>
    <datafield tag="505" ind1="0" ind2=" ">
      <subfield code="a">Materiali de compositis dictata â doctisssimo domino Lelivelt</subfield>
    </datafield>
    <datafield tag="505" ind1="0" ind2=" ">
      <subfield code="a">* Tractatus tertius De compositis</subfield>
      <subfield code="g">f. 211-229v</subfield>
    </datafield>
    <datafield tag="505" ind1="0" ind2=" ">
      <subfield code="a">Materiali de syllogismis dictata â consultissimo domino vanbilloen</subfield>
    </datafield>
    <datafield tag="505" ind1="0" ind2=" ">
      <subfield code="a">* Tractatus quartus De syllogismis</subfield>
      <subfield code="g">f. 235r-260v</subfield>
    </datafield>
    <datafield tag="505" ind1="0" ind2=" ">
      <subfield code="a">Materiali de topicis dictata â doctissimo Do. Lelivelt</subfield>
    </datafield>
    <datafield tag="505" ind1="0" ind2=" ">
      <subfield code="a">* Tractatus quintus De topici</subfield>
      <subfield code="g">f. 262r-287v</subfield>
    </datafield>
    <datafield tag="546" ind1=" " ind2=" ">
      <subfield code="a">Latin</subfield>
    </datafield>
    <datafield tag="653" ind1=" " ind2="6">
      <subfield code="a">Manuscripts</subfield>
    </datafield>
    <datafield tag="653" ind1=" " ind2="6">
      <subfield code="a">Lecture notes</subfield>
    </datafield>
    <datafield tag="700" ind1="1" ind2=" ">
      <subfield code="a">van Billoen, Philippus</subfield>
      <subfield code="d">1704-1775</subfield>
      <subfield code="4">pfs</subfield>
    </datafield>
    <datafield tag="700" ind1="1" ind2=" ">
      <subfield code="a">Lilivelt, Laurentius</subfield>
      <subfield code="d">1708-1765</subfield>
      <subfield code="4">pfs</subfield>
    </datafield>
    <datafield tag="700" ind1="1" ind2=" ">
      <subfield code="a">Steyaert, Martinus</subfield>
      <subfield code="d">1647-1701</subfield>
      <subfield code="4">pfs</subfield>
    </datafield>
    <datafield tag="700" ind1="1" ind2=" ">
      <subfield code="a">Seiger, Joannes Ferdinandus</subfield>
      <subfield code="4">stu</subfield>
    </datafield>
    <datafield tag="700" ind1="1" ind2=" ">
      <subfield code="a">Verhoeven, Joannes</subfield>
      <subfield code="g">engraver</subfield>
      <subfield code="4">egr</subfield>
    </datafield>
    <datafield tag="830" ind1=" " ind2="0">
      <subfield code="a">De argumentatione materiali</subfield>
    </datafield>
    <datafield tag="830" ind1=" " ind2="0">
      <subfield code="a">De compositis</subfield>
    </datafield>
    <datafield tag="830" ind1=" " ind2="0">
      <subfield code="a">De discursu</subfield>
    </datafield>
    <datafield tag="830" ind1=" " ind2="0">
      <subfield code="a">De enuntiatione</subfield>
    </datafield>
    <datafield tag="830" ind1=" " ind2="0">
      <subfield code="a">De ideis</subfield>
    </datafield>
    <datafield tag="830" ind1=" " ind2="0">
      <subfield code="a">De instrumentis sciendi</subfield>
    </datafield>
    <datafield tag="830" ind1=" " ind2="0">
      <subfield code="a">De iudicio</subfield>
    </datafield>
    <datafield tag="830" ind1=" " ind2="0">
      <subfield code="a">De methodo</subfield>
    </datafield>
    <datafield tag="830" ind1=" " ind2="0">
      <subfield code="a">De sophismatibus</subfield>
    </datafield>
    <datafield tag="830" ind1=" " ind2="0">
      <subfield code="a">De sophisticis elenchis</subfield>
    </datafield>
    <datafield tag="830" ind1=" " ind2="0">
      <subfield code="a">De syllogismo</subfield>
    </datafield>
    <datafield tag="830" ind1=" " ind2="0">
      <subfield code="a">De universali</subfield>
    </datafield>
    <datafield tag="830" ind1=" " ind2="0">
      <subfield code="a">De vocibus</subfield>
    </datafield>
    <datafield tag="830" ind1=" " ind2="0">
      <subfield code="a">Prolegomena philosophiae</subfield>
    </datafield>
    <datafield tag="830" ind1=" " ind2="0">
      <subfield code="a">Prooemium in Logicam</subfield>
    </datafield>
    <datafield tag="830" ind1=" " ind2="0">
      <subfield code="a">Sophistici elenchi</subfield>
    </datafield>
    <datafield tag="830" ind1=" " ind2="0">
      <subfield code="a">Topica</subfield>
    </datafield>
    <datafield tag="856" ind1="4" ind2="0">
      <subfield code="u">http://resolver.lias.be/get_pid?view&amp;usagetype=VIEW_MAIN,VIEW&amp;pid=3095211</subfield>
      <subfield code="y">Online version in LIAS</subfield>
    </datafield>
    <datafield tag="856" ind1="4" ind2="0">
      <subfield code="u">http://resolver.lias.be/get_pid?view&amp;usagetype=VIEW_MAIN,VIEW&amp;pid=775698</subfield>
      <subfield code="y">Online version in LIAS</subfield>
    </datafield>
    <datafield tag="852" ind1=" " ind2=" ">
      <subfield code="8">22267160010001488</subfield>
      <subfield code="b">BIBC</subfield>
      <subfield code="c">BRES</subfield>
      <subfield code="h">Ms. 241</subfield>
    </datafield>
    <datafield tag="900" ind1=" " ind2=" ">
      <subfield code="a">CONSOLIDATED RECORD</subfield>
      <subfield code="b">KU Leuven</subfield>
    </datafield>
    <datafield tag="950" ind1=" " ind2=" ">
      <subfield code="a">f. 1r :</subfield>
      <subfield code="b">engraved titlepage</subfield>
      <subfield code="c">&quot;Volitat svper omnia Falco&quot;,  with images of Plato and Aristoteles, an image of Leuven (St. Michiel) and the Falcon (Ioan Verhoeuen sculpsit. Lovanii)</subfield>
    </datafield>
    <datafield tag="950" ind1=" " ind2=" ">
      <subfield code="a">f. 154r :</subfield>
      <subfield code="b">engraving(s)</subfield>
      <subfield code="c">De iisdem, et, diversis</subfield>
    </datafield>
    <datafield tag="950" ind1=" " ind2=" ">
      <subfield code="a">f. 159r :</subfield>
      <subfield code="b">engraving(s)</subfield>
      <subfield code="c">De forma, et, svbiecto</subfield>
    </datafield>
    <datafield tag="950" ind1=" " ind2=" ">
      <subfield code="a">f. 164r  : $b engraving(s)</subfield>
      <subfield code="c">Partes Phisicæ et integrantes reductiue ad prædicamenta referuntur</subfield>
    </datafield>
    <datafield tag="952" ind1=" " ind2=" ">
      <subfield code="d">Leuven (Louvain)</subfield>
      <subfield code="e">Pedagogie De Valk</subfield>
      <subfield code="0">(ODIS-ORG)35506</subfield>
      <subfield code="f">Faculty of Arts, Paedagogium Falconis</subfield>
    </datafield>
    <datafield tag="996" ind1=" " ind2=" ">
      <subfield code="a">BIBC</subfield>
      <subfield code="b">physical</subfield>
      <subfield code="c">201509</subfield>
      <subfield code="d">Lectio Magister dixit</subfield>
    </datafield>
    <datafield tag="998" ind1=" " ind2=" ">
      <subfield code="a">LBS01</subfield>
      <subfield code="b">bib_200501.mrc.2.ao</subfield>
    </datafield>
  </record>