
  <record>
    <leader>05508ntm a2200949u  4500</leader>
    <controlfield tag="001">9922947680101488</controlfield>
    <controlfield tag="005">20151221075415.0</controlfield>
    <controlfield tag="008">010924m17761777xx |||| |     000|0 lat c</controlfield>
    <datafield tag="035" ind1=" " ind2=" ">
      <subfield code="a">(BeLVLBS)002294768LBS01-Aleph</subfield>
    </datafield>
    <datafield tag="035" ind1=" " ind2=" ">
      <subfield code="a">8972502</subfield>
    </datafield>
    <datafield tag="035" ind1=" " ind2=" ">
      <subfield code="a">(EXLNZ-32KUL_LIBIS_NETWORK)9922947680101471</subfield>
    </datafield>
    <datafield tag="245" ind1="0" ind2="0">
      <subfield code="a">Tractatus de logica.</subfield>
    </datafield>
    <datafield tag="246" ind1="1" ind2="3">
      <subfield code="a">Tractatus de logica dictatus a d: d: Mottin hanutensi professore primario celeberrimi falconis pædagogii incoeptus die 1a 8bris 1776 et absolutus die martii 8a anni Domini 1777 ; tractatus logicae scriptus a joannes baptista Chapelet montensi alumno falconis 1777</subfield>
    </datafield>
    <datafield tag="260" ind1=" " ind2=" ">
      <subfield code="c">1776-1777.</subfield>
    </datafield>
    <datafield tag="300" ind1=" " ind2=" ">
      <subfield code="a">128 f.</subfield>
      <subfield code="b">ill.</subfield>
      <subfield code="c">185 x 155 mm.</subfield>
    </datafield>
    <datafield tag="300" ind1=" " ind2=" ">
      <subfield code="a">Cardboard binding ; half leather binding, spine and corners with brown leather, boards with paper ; gold tooled spine with title  &quot;Tractat[us] de logica&quot;.</subfield>
    </datafield>
    <datafield tag="336" ind1=" " ind2=" ">
      <subfield code="a">text</subfield>
      <subfield code="2">rdacontent</subfield>
    </datafield>
    <datafield tag="337" ind1=" " ind2=" ">
      <subfield code="a">unmediated</subfield>
      <subfield code="2">rdamedia</subfield>
    </datafield>
    <datafield tag="338" ind1=" " ind2=" ">
      <subfield code="a">volume</subfield>
      <subfield code="2">rdacarrier</subfield>
    </datafield>
    <datafield tag="340" ind1=" " ind2=" ">
      <subfield code="e">Paper</subfield>
    </datafield>
    <datafield tag="351" ind1=" " ind2=" ">
      <subfield code="a">Band in karton ; rug en plathoeken in bruin leder, platten met papier overtrokken; goud gestempelde rug met titel &quot;Tractat[us] de logica&quot;.</subfield>
    </datafield>
    <datafield tag="500" ind1=" " ind2=" ">
      <subfield code="a">3 colophons</subfield>
    </datafield>
    <datafield tag="500" ind1=" " ind2=" ">
      <subfield code="a">Colophon on f. 46r reads : Finita die 5ta 10bris 1776 / finis 1a sexionis</subfield>
    </datafield>
    <datafield tag="500" ind1=" " ind2=" ">
      <subfield code="a">Colophon on f. 46v reads : Incepta die 6 10bris 1776</subfield>
    </datafield>
    <datafield tag="500" ind1=" " ind2=" ">
      <subfield code="a">Colophon on f. 109r reads : Primo compositio die Xbris 23 1776</subfield>
    </datafield>
    <datafield tag="500" ind1=" " ind2=" ">
      <subfield code="a">Reads on endpaper (f. 0r) : Nota criterium veritatis e instumentum judicandi [...] veritatem a falsitate quo deus a Nativitate nos in[...]. Nota.</subfield>
    </datafield>
    <datafield tag="505" ind1="0" ind2=" ">
      <subfield code="a">Tractatus de logica</subfield>
      <subfield code="g">f. 2r-88v</subfield>
    </datafield>
    <datafield tag="505" ind1="0" ind2=" ">
      <subfield code="a">* Prologomenon in logicam</subfield>
      <subfield code="g">f. 2r-2v</subfield>
    </datafield>
    <datafield tag="505" ind1="0" ind2=" ">
      <subfield code="a">* Sectio prima De facultate cognoscitiva mentis humana</subfield>
      <subfield code="g">f. 2v-46r</subfield>
    </datafield>
    <datafield tag="505" ind1="0" ind2=" ">
      <subfield code="a">** Caput primum De perceptionibus earumque objectis</subfield>
      <subfield code="g">f. 3r-4v</subfield>
    </datafield>
    <datafield tag="505" ind1="0" ind2=" ">
      <subfield code="a">** Caput secundum De idearum natura et origine</subfield>
      <subfield code="g">f. 4r-5v</subfield>
    </datafield>
    <datafield tag="505" ind1="0" ind2=" ">
      <subfield code="a">** Caput tertium De formali idearum differentia</subfield>
      <subfield code="g">f. 5v-7r</subfield>
    </datafield>
    <datafield tag="505" ind1="0" ind2=" ">
      <subfield code="a">** Caput quartum De materiali idearum differentia</subfield>
      <subfield code="g">f. 7r-12r</subfield>
    </datafield>
    <datafield tag="505" ind1="0" ind2=" ">
      <subfield code="a">** Caput quintum De idearum signis in genere variisque eorum divisionibus</subfield>
      <subfield code="g">f. 12r-13r</subfield>
    </datafield>
    <datafield tag="505" ind1="0" ind2=" ">
      <subfield code="a">** Caput sextum De vocibus</subfield>
      <subfield code="g">f. 13r-15v</subfield>
    </datafield>
    <datafield tag="505" ind1="0" ind2=" ">
      <subfield code="a">** Caput septimum De vocabulorum usu abusu, hujusque remediis</subfield>
      <subfield code="g">f. 15v-19r</subfield>
    </datafield>
    <datafield tag="505" ind1="0" ind2=" ">
      <subfield code="a">** Caput octavum De definitione</subfield>
      <subfield code="g">f. 19r-22r</subfield>
    </datafield>
    <datafield tag="505" ind1="0" ind2=" ">
      <subfield code="a">** Caput nonum De divisione</subfield>
      <subfield code="g">f. 22r-22v</subfield>
    </datafield>
    <datafield tag="505" ind1="0" ind2=" ">
      <subfield code="a">** Caput decimum De judicio</subfield>
      <subfield code="g">f. 22v-25r</subfield>
    </datafield>
    <datafield tag="505" ind1="0" ind2=" ">
      <subfield code="a">** Caput undecimum De enunciatione ejusque speciebus</subfield>
      <subfield code="g">f. 25v-27r</subfield>
    </datafield>
    <datafield tag="505" ind1="0" ind2=" ">
      <subfield code="a">** Caput duodecimum De diversis enunciationum proprietatibus</subfield>
      <subfield code="g">f. 27r-34r</subfield>
    </datafield>
    <datafield tag="505" ind1="0" ind2=" ">
      <subfield code="a">** Caput decimum et tertium De propositionibus complexis</subfield>
      <subfield code="g">f. 34r-34v</subfield>
    </datafield>
    <datafield tag="505" ind1="0" ind2=" ">
      <subfield code="a">** Caput decimum et quartum De enunciationibus in methodo scientifica usitatis</subfield>
      <subfield code="g">f. 35r-35v</subfield>
    </datafield>
    <datafield tag="505" ind1="0" ind2=" ">
      <subfield code="a">** Caput decimum et quintum De ratiocinatione</subfield>
      <subfield code="g">f. 35v-37v</subfield>
    </datafield>
    <datafield tag="505" ind1="0" ind2=" ">
      <subfield code="a">** Caput decimum et sextum De argumentatione in specie de syllogismo</subfield>
      <subfield code="g">f. 37v-41v</subfield>
    </datafield>
    <datafield tag="505" ind1="0" ind2=" ">
      <subfield code="a">** Caput decimum et septimum De syllogismo composito</subfield>
      <subfield code="g">f. 41v-42v</subfield>
    </datafield>
    <datafield tag="505" ind1="0" ind2=" ">
      <subfield code="a">** Caput decimum et octavum De reliquis argumentationum speciebus</subfield>
      <subfield code="g">f. 43r-46r</subfield>
    </datafield>
    <datafield tag="505" ind1="0" ind2=" ">
      <subfield code="a">* Secunda sexio logica De veritate cognoscenda</subfield>
      <subfield code="g">f. 46v-64r</subfield>
    </datafield>
    <datafield tag="505" ind1="0" ind2=" ">
      <subfield code="a">** Caput primum De veritate ac falsitate in genere earumque diversis speciebus</subfield>
      <subfield code="g">f. 46v-47r</subfield>
    </datafield>
    <datafield tag="505" ind1="0" ind2=" ">
      <subfield code="a">** Caput secundum De veritate perceptionum, judiciorum et ratiociniorum</subfield>
      <subfield code="g">f. 47v-55r</subfield>
    </datafield>
    <datafield tag="505" ind1="0" ind2=" ">
      <subfield code="a">** Caput tertium De indiciis veritatis, certitudine et evidentia</subfield>
      <subfield code="g">f. 55r-57r</subfield>
    </datafield>
    <datafield tag="505" ind1="0" ind2=" ">
      <subfield code="a">** Caput quartum De sensu intimo et sensu naturae communi</subfield>
      <subfield code="g">f. 57v-60v</subfield>
    </datafield>
    <datafield tag="505" ind1="0" ind2=" ">
      <subfield code="a">** Caput quintum De testimonio sensuum externorum</subfield>
      <subfield code="g">f. 60v-62v</subfield>
    </datafield>
    <datafield tag="505" ind1="0" ind2=" ">
      <subfield code="a">** Caput sextum De auctoritate</subfield>
      <subfield code="g">f. 62v-64r</subfield>
    </datafield>
    <datafield tag="505" ind1="0" ind2=" ">
      <subfield code="a">* Sextio tertia De cognitione veritatis</subfield>
      <subfield code="g">f. 64r-88v</subfield>
    </datafield>
    <datafield tag="505" ind1="0" ind2=" ">
      <subfield code="a">** Caput primum De scientia diversisque ejus speciebus</subfield>
      <subfield code="g">f. 64r-65v</subfield>
    </datafield>
    <datafield tag="505" ind1="0" ind2=" ">
      <subfield code="a">** Caput secundum De probatione et demonstratione</subfield>
      <subfield code="g">f. 65v-69r</subfield>
    </datafield>
    <datafield tag="505" ind1="0" ind2=" ">
      <subfield code="a">** Caput tertium De probabilitate et opinione</subfield>
      <subfield code="g">f. 69r-74v</subfield>
    </datafield>
    <datafield tag="505" ind1="0" ind2=" ">
      <subfield code="a">** Caput quartum De fide</subfield>
      <subfield code="g">f. 75r-80r</subfield>
    </datafield>
    <datafield tag="505" ind1="0" ind2=" ">
      <subfield code="a">** Caput quintum De interpretatione et lectione librorum</subfield>
      <subfield code="g">f. 80r-82r</subfield>
    </datafield>
    <datafield tag="505" ind1="0" ind2=" ">
      <subfield code="a">** Caput sextum De errore ejusque fontibus</subfield>
      <subfield code="g">f. 82r-85v</subfield>
    </datafield>
    <datafield tag="505" ind1="0" ind2=" ">
      <subfield code="a">** Caput septimum De concertatione litteraria</subfield>
      <subfield code="g">f. 85v-88v</subfield>
    </datafield>
    <datafield tag="505" ind1="0" ind2=" ">
      <subfield code="a">Quaestiones in logicam</subfield>
      <subfield code="g">f. 92r-112v</subfield>
    </datafield>
    <datafield tag="505" ind1="0" ind2=" ">
      <subfield code="a">Quaestiones in secundam sectionem</subfield>
      <subfield code="g">f. 112v-115r</subfield>
    </datafield>
    <datafield tag="505" ind1="0" ind2=" ">
      <subfield code="a">Alia quaestionum series tertia</subfield>
      <subfield code="g">f. 116r-121r</subfield>
    </datafield>
    <datafield tag="546" ind1=" " ind2=" ">
      <subfield code="a">Latin</subfield>
    </datafield>
    <datafield tag="653" ind1=" " ind2="6">
      <subfield code="a">Lecture notes</subfield>
    </datafield>
    <datafield tag="653" ind1=" " ind2="6">
      <subfield code="a">Manuscripts</subfield>
    </datafield>
    <datafield tag="700" ind1="1" ind2=" ">
      <subfield code="a">Mottin, Joannes Josephus</subfield>
      <subfield code="4">pfs</subfield>
      <subfield code="3">professor primarius</subfield>
    </datafield>
    <datafield tag="700" ind1="1" ind2=" ">
      <subfield code="a">Chaster, Joannes Baptista</subfield>
      <subfield code="4">stu</subfield>
    </datafield>
    <datafield tag="830" ind1=" " ind2="0">
      <subfield code="a">Prodidagmata in Logicam</subfield>
    </datafield>
    <datafield tag="830" ind1=" " ind2="0">
      <subfield code="a">De veritate cognoscenda</subfield>
    </datafield>
    <datafield tag="830" ind1=" " ind2="0">
      <subfield code="a">De facultate cognoscitiva mentis humanae</subfield>
    </datafield>
    <datafield tag="830" ind1=" " ind2="0">
      <subfield code="a">De cognitione veritatis</subfield>
    </datafield>
    <datafield tag="856" ind1="4" ind2="0">
      <subfield code="u">http://resolver.lias.be/get_pid?view&amp;usagetype=VIEW_MAIN,VIEW&amp;pid=3199489</subfield>
      <subfield code="y">Online version in LIAS</subfield>
    </datafield>
    <datafield tag="856" ind1="4" ind2="0">
      <subfield code="u">http://resolver.lias.be/get_pid?view&amp;usagetype=VIEW_MAIN,VIEW&amp;pid=780094</subfield>
      <subfield code="y">Online version in LIAS</subfield>
    </datafield>
    <datafield tag="852" ind1=" " ind2=" ">
      <subfield code="8">22292187320001488</subfield>
      <subfield code="b">BIBC</subfield>
      <subfield code="c">BRES</subfield>
      <subfield code="h">Ms. 251</subfield>
    </datafield>
    <datafield tag="900" ind1=" " ind2=" ">
      <subfield code="a">CONSOLIDATED RECORD</subfield>
      <subfield code="b">KU Leuven</subfield>
    </datafield>
    <datafield tag="950" ind1=" " ind2=" ">
      <subfield code="a">1</subfield>
      <subfield code="b">engraved titlepage</subfield>
      <subfield code="c">with 2 lions, 2 putti, sign of the Falcon (Lovany Apud P. Denique.)</subfield>
    </datafield>
    <datafield tag="950" ind1=" " ind2=" ">
      <subfield code="a">f. 33v : 1</subfield>
      <subfield code="b">pen drawing(s)</subfield>
      <subfield code="c">Opposition propositionum</subfield>
    </datafield>
    <datafield tag="952" ind1=" " ind2=" ">
      <subfield code="d">Leuven (Louvain)</subfield>
      <subfield code="e">Pedagogie De Valk</subfield>
      <subfield code="0">(ODIS-ORG)35506</subfield>
      <subfield code="f">Faculty of Arts, Paedagogium Falconis</subfield>
    </datafield>
    <datafield tag="953" ind1=" " ind2=" ">
      <subfield code="b">1701-1800</subfield>
    </datafield>
    <datafield tag="996" ind1=" " ind2=" ">
      <subfield code="a">BIBC</subfield>
      <subfield code="b">physical</subfield>
      <subfield code="c">201509</subfield>
      <subfield code="d">Lectio Magister dixit</subfield>
    </datafield>
    <datafield tag="998" ind1=" " ind2=" ">
      <subfield code="a">LBS01</subfield>
      <subfield code="b">bib_200501.mrc.2.aw</subfield>
    </datafield>
  </record>