
  <record>
    <leader>08328ntm a2201645 u 4500</leader>
    <controlfield tag="001">9977402560101488</controlfield>
    <controlfield tag="005">20151221075415.0</controlfield>
    <controlfield tag="008">101020s1669    xx      |     000 0 lat c</controlfield>
    <datafield tag="035" ind1=" " ind2=" ">
      <subfield code="a">(BeLVLBS)007740256LBS01-Aleph</subfield>
    </datafield>
    <datafield tag="035" ind1=" " ind2=" ">
      <subfield code="a">(EXLNZ-32KUL_LIBIS_NETWORK)9977402560101471</subfield>
    </datafield>
    <datafield tag="245" ind1="0" ind2="0">
      <subfield code="a">Logica.</subfield>
    </datafield>
    <datafield tag="246" ind1="1" ind2="3">
      <subfield code="a">Logica bipartitam in duas partes scripta ab Henrico Joannis Van Cantelbeeck sub doctissimis dominis Petro Damman et Cornelio Faes s.t.l. professoribus in. florentissimo pedagogis Liliensi 1669.</subfield>
    </datafield>
    <datafield tag="260" ind1=" " ind2=" ">
      <subfield code="c">1669.</subfield>
    </datafield>
    <datafield tag="300" ind1=" " ind2=" ">
      <subfield code="a">133 f.</subfield>
      <subfield code="b">ill.</subfield>
      <subfield code="c">199 x 155 mm.</subfield>
    </datafield>
    <datafield tag="300" ind1=" " ind2=" ">
      <subfield code="a">Cardboard binding ; half leather binding, spine and corners with leather, boards with marbled paper</subfield>
    </datafield>
    <datafield tag="336" ind1=" " ind2=" ">
      <subfield code="a">text</subfield>
      <subfield code="2">rdacontent</subfield>
    </datafield>
    <datafield tag="337" ind1=" " ind2=" ">
      <subfield code="a">unmediated</subfield>
      <subfield code="2">rdamedia</subfield>
    </datafield>
    <datafield tag="338" ind1=" " ind2=" ">
      <subfield code="a">volume</subfield>
      <subfield code="2">rdacarrier</subfield>
    </datafield>
    <datafield tag="340" ind1=" " ind2=" ">
      <subfield code="e">Paper</subfield>
    </datafield>
    <datafield tag="351" ind1=" " ind2=" ">
      <subfield code="a">Band in karton ; rug en plathoeken overtrokken met leder, platten met gemarmerd papier.</subfield>
    </datafield>
    <datafield tag="505" ind1="0" ind2=" ">
      <subfield code="a">Liber primus. Prefatio in universam Aristotelis Logicam</subfield>
      <subfield code="g">f. 2r-80v</subfield>
    </datafield>
    <datafield tag="505" ind1="0" ind2=" ">
      <subfield code="a">* Definitio philosophiae</subfield>
      <subfield code="g">f. 3r</subfield>
    </datafield>
    <datafield tag="505" ind1="0" ind2=" ">
      <subfield code="a">* De scientia</subfield>
      <subfield code="g">f. 3v</subfield>
    </datafield>
    <datafield tag="505" ind1="0" ind2=" ">
      <subfield code="a">* Commentarius In universam Aristotelis logicam</subfield>
      <subfield code="g">f. 4v-80v</subfield>
    </datafield>
    <datafield tag="505" ind1="0" ind2=" ">
      <subfield code="a">** De logica</subfield>
      <subfield code="g">f. 6r-6v</subfield>
    </datafield>
    <datafield tag="505" ind1="0" ind2=" ">
      <subfield code="a">** De ente unius natura</subfield>
      <subfield code="g">f. 7r-9r</subfield>
    </datafield>
    <datafield tag="505" ind1="0" ind2=" ">
      <subfield code="a">** De toto et parte</subfield>
      <subfield code="g">f. 9r-10r</subfield>
    </datafield>
    <datafield tag="505" ind1="0" ind2=" ">
      <subfield code="a">** De toto essentiali et de toto integrali</subfield>
      <subfield code="g">f. 10v-32r</subfield>
    </datafield>
    <datafield tag="505" ind1="0" ind2=" ">
      <subfield code="a">** De subiicibili universalis realis</subfield>
      <subfield code="g">f. 32r-32v</subfield>
    </datafield>
    <datafield tag="505" ind1="0" ind2=" ">
      <subfield code="a">** Prima divisio universalis In Universale primarium et secundarium</subfield>
      <subfield code="g">f. 32v-47r</subfield>
    </datafield>
    <datafield tag="505" ind1="0" ind2=" ">
      <subfield code="a">** De differentia ut est tertium Universale</subfield>
      <subfield code="g">f. 47r-48v</subfield>
    </datafield>
    <datafield tag="505" ind1="0" ind2=" ">
      <subfield code="a">** De proprio</subfield>
      <subfield code="g">f. 48v</subfield>
    </datafield>
    <datafield tag="505" ind1="0" ind2=" ">
      <subfield code="a">*** Divisio proprii simpliciter, et secundum quid</subfield>
      <subfield code="g">f. 50r-51r</subfield>
    </datafield>
    <datafield tag="505" ind1="0" ind2=" ">
      <subfield code="a">*** Divisio proprii simpliciter</subfield>
      <subfield code="g">f. 51r-52r</subfield>
    </datafield>
    <datafield tag="505" ind1="0" ind2=" ">
      <subfield code="a">*** Alia divisio proprii generaliter simpli</subfield>
      <subfield code="g">f. 52r-52v</subfield>
    </datafield>
    <datafield tag="505" ind1="0" ind2=" ">
      <subfield code="a">*** De proprio quarto universali</subfield>
      <subfield code="g">f. 52v-53v</subfield>
    </datafield>
    <datafield tag="505" ind1="0" ind2=" ">
      <subfield code="a">*** De accidente quinto universali</subfield>
      <subfield code="g">f. 53v-55r</subfield>
    </datafield>
    <datafield tag="505" ind1="0" ind2=" ">
      <subfield code="a">*** De individuo reali</subfield>
      <subfield code="g">f. 55r-58r</subfield>
    </datafield>
    <datafield tag="505" ind1="0" ind2=" ">
      <subfield code="a">** De universali in significando</subfield>
      <subfield code="g">f. 59r-60v</subfield>
    </datafield>
    <datafield tag="505" ind1="0" ind2=" ">
      <subfield code="a">*** Divisio universalis vocalis</subfield>
      <subfield code="g">f. 61r</subfield>
    </datafield>
    <datafield tag="505" ind1="0" ind2=" ">
      <subfield code="a">*** Alia divisio universalis vocalis</subfield>
      <subfield code="g">f. 61v</subfield>
    </datafield>
    <datafield tag="505" ind1="0" ind2=" ">
      <subfield code="a">*** De genere vocali</subfield>
      <subfield code="g">f. 61v-62r</subfield>
    </datafield>
    <datafield tag="505" ind1="0" ind2=" ">
      <subfield code="a">** De specie vocali praedicabili</subfield>
      <subfield code="g">f. 62r-62v</subfield>
    </datafield>
    <datafield tag="505" ind1="0" ind2=" ">
      <subfield code="a">*** De differentia tertia universali vocali</subfield>
      <subfield code="g">f. 63r-63v</subfield>
    </datafield>
    <datafield tag="505" ind1="0" ind2=" ">
      <subfield code="a">*** De proprio quarto universali vocali</subfield>
      <subfield code="g">f. 63v-64r</subfield>
    </datafield>
    <datafield tag="505" ind1="0" ind2=" ">
      <subfield code="a">*** De accidente quinto universali vocali</subfield>
      <subfield code="g">f. 64r-64v</subfield>
    </datafield>
    <datafield tag="505" ind1="0" ind2=" ">
      <subfield code="a">*** De individuo in significando</subfield>
      <subfield code="g">f. 64v</subfield>
    </datafield>
    <datafield tag="505" ind1="0" ind2=" ">
      <subfield code="a">*** De individuo vocali</subfield>
      <subfield code="g">f. 64v-65r</subfield>
    </datafield>
    <datafield tag="505" ind1="0" ind2=" ">
      <subfield code="a">*** De individuo determinato</subfield>
      <subfield code="g">f. 65v-66v</subfield>
    </datafield>
    <datafield tag="505" ind1="0" ind2=" ">
      <subfield code="a">** Divisio entis</subfield>
      <subfield code="g">f. 67r-70r</subfield>
    </datafield>
    <datafield tag="505" ind1="0" ind2=" ">
      <subfield code="a">*** Quibus modis dicatur aliquid poni in praedicamentis</subfield>
      <subfield code="g">f. 70r-71v</subfield>
    </datafield>
    <datafield tag="505" ind1="0" ind2=" ">
      <subfield code="a">*** De voce predicamentali</subfield>
      <subfield code="g">f. 72r</subfield>
    </datafield>
    <datafield tag="505" ind1="0" ind2=" ">
      <subfield code="a">*** Conditiones vocis praedicamentalis directe</subfield>
      <subfield code="g">f. 72r-72v</subfield>
    </datafield>
    <datafield tag="505" ind1="0" ind2=" ">
      <subfield code="a">*** Divisio entis praedicamentalis</subfield>
      <subfield code="g">f. 72v</subfield>
    </datafield>
    <datafield tag="505" ind1="0" ind2=" ">
      <subfield code="a">** De extremis praedicamentalibus</subfield>
      <subfield code="g">f. 72v-73v</subfield>
    </datafield>
    <datafield tag="505" ind1="0" ind2=" ">
      <subfield code="a">*** De genere generalissimo</subfield>
      <subfield code="g">f. 73v-75r</subfield>
    </datafield>
    <datafield tag="505" ind1="0" ind2=" ">
      <subfield code="a">*** De specie specialisssima</subfield>
      <subfield code="g">f. 75r-76r</subfield>
    </datafield>
    <datafield tag="505" ind1="0" ind2=" ">
      <subfield code="a">*** De generibus mediis</subfield>
      <subfield code="g">f. 76r-76v</subfield>
    </datafield>
    <datafield tag="505" ind1="0" ind2=" ">
      <subfield code="a">*** De subalternis</subfield>
      <subfield code="g">f. 76v-78v</subfield>
    </datafield>
    <datafield tag="505" ind1="0" ind2=" ">
      <subfield code="a">** Regula antepredicamento</subfield>
      <subfield code="g">f. 78v-80v</subfield>
    </datafield>
    <datafield tag="505" ind1="0" ind2=" ">
      <subfield code="a">Liber secundus De instrumentis sciendi</subfield>
      <subfield code="g">f. 82r-132v</subfield>
    </datafield>
    <datafield tag="505" ind1="0" ind2=" ">
      <subfield code="a">* Praefatio</subfield>
      <subfield code="g">f. 83r</subfield>
    </datafield>
    <datafield tag="505" ind1="0" ind2=" ">
      <subfield code="a">* De definitione</subfield>
      <subfield code="g">f. 85r-87r</subfield>
    </datafield>
    <datafield tag="505" ind1="0" ind2=" ">
      <subfield code="a">* De divisione</subfield>
      <subfield code="g">f. 87r-88v</subfield>
    </datafield>
    <datafield tag="505" ind1="0" ind2=" ">
      <subfield code="a">* De argumentatione</subfield>
      <subfield code="g">f. 88v-89r</subfield>
    </datafield>
    <datafield tag="505" ind1="0" ind2=" ">
      <subfield code="a">* Tractatus primus partis primae</subfield>
      <subfield code="g">f. 89v-132v</subfield>
    </datafield>
    <datafield tag="505" ind1="0" ind2=" ">
      <subfield code="a">** De signis</subfield>
      <subfield code="g">f. 91r-92r</subfield>
    </datafield>
    <datafield tag="505" ind1="0" ind2=" ">
      <subfield code="a">** De signo formali et instrumentali</subfield>
      <subfield code="g">f. 92r-112v</subfield>
    </datafield>
    <datafield tag="505" ind1="0" ind2=" ">
      <subfield code="a">** De divisionibus denominativi</subfield>
      <subfield code="g">f. 112v-125v</subfield>
    </datafield>
    <datafield tag="505" ind1="0" ind2=" ">
      <subfield code="a">* Quaestio vigesima De vocibus repugnantibus</subfield>
      <subfield code="g">f. 125v-127r</subfield>
    </datafield>
    <datafield tag="505" ind1="0" ind2=" ">
      <subfield code="a">* De vocibus convertibilibus</subfield>
      <subfield code="g">f. 127v-128r</subfield>
    </datafield>
    <datafield tag="505" ind1="0" ind2=" ">
      <subfield code="a">* De vocibus excedentibus et excessis</subfield>
      <subfield code="g">f. 128r-129v</subfield>
    </datafield>
    <datafield tag="505" ind1="0" ind2=" ">
      <subfield code="a">* Questio vigesima prima Quid determinatio et determinabile</subfield>
      <subfield code="g">f. 129v-130v</subfield>
    </datafield>
    <datafield tag="505" ind1="0" ind2=" ">
      <subfield code="a">* Divisio determinationis</subfield>
      <subfield code="g">f. 130v-132v</subfield>
    </datafield>
    <datafield tag="546" ind1=" " ind2=" ">
      <subfield code="a">Latin</subfield>
    </datafield>
    <datafield tag="653" ind1=" " ind2="6">
      <subfield code="a">Manuscripts</subfield>
    </datafield>
    <datafield tag="653" ind1=" " ind2="6">
      <subfield code="a">Lecture notes</subfield>
    </datafield>
    <datafield tag="700" ind1="1" ind2=" ">
      <subfield code="a">Damman, Petrus</subfield>
      <subfield code="d">1634-1692</subfield>
      <subfield code="4">pfs</subfield>
    </datafield>
    <datafield tag="700" ind1="1" ind2=" ">
      <subfield code="a">Faes, Cornelius</subfield>
      <subfield code="d">†1694</subfield>
      <subfield code="4">pfs</subfield>
    </datafield>
    <datafield tag="700" ind1="1" ind2=" ">
      <subfield code="a">van Cantelbeke, Henricus Joannes</subfield>
      <subfield code="4">stu</subfield>
    </datafield>
    <datafield tag="700" ind1="1" ind2=" ">
      <subfield code="a">Haye, Michael</subfield>
      <subfield code="d">?-1676</subfield>
      <subfield code="g">Flemish printmaker, draftsman and publisher</subfield>
      <subfield code="4">egr</subfield>
    </datafield>
    <datafield tag="700" ind1="1" ind2=" ">
      <subfield code="a">Verhoeven, Joannes</subfield>
      <subfield code="g">engraver</subfield>
      <subfield code="4">egr</subfield>
    </datafield>
    <datafield tag="700" ind1="1" ind2=" ">
      <subfield code="a">de Hollander, Gaspar</subfield>
      <subfield code="c">Antwerpen</subfield>
      <subfield code="d">1650-1660</subfield>
      <subfield code="4">egr</subfield>
    </datafield>
    <datafield tag="700" ind1="1" ind2=" ">
      <subfield code="a">van Merlen, Theodoor</subfield>
      <subfield code="d">1609-1672</subfield>
      <subfield code="g">Flemish printmaker, printer, publisher</subfield>
      <subfield code="4">egr</subfield>
    </datafield>
    <datafield tag="700" ind1="1" ind2=" ">
      <subfield code="a">Meyssen, joannes</subfield>
      <subfield code="4">egr</subfield>
    </datafield>
    <datafield tag="700" ind1="1" ind2=" ">
      <subfield code="a">de Gosen, Hieronymus Iacobus</subfield>
      <subfield code="4">egr</subfield>
    </datafield>
    <datafield tag="700" ind1="1" ind2=" ">
      <subfield code="a">Meyssens, Johannes,</subfield>
      <subfield code="d">1612-1670</subfield>
      <subfield code="4">egr</subfield>
    </datafield>
    <datafield tag="830" ind1=" " ind2="0">
      <subfield code="a">Prooemium in logicam</subfield>
    </datafield>
    <datafield tag="830" ind1=" " ind2="0">
      <subfield code="a">Prolegomena philosophiae</subfield>
    </datafield>
    <datafield tag="830" ind1=" " ind2="0">
      <subfield code="a">Praedicamenta</subfield>
    </datafield>
    <datafield tag="830" ind1=" " ind2="0">
      <subfield code="a">Praedicabilia</subfield>
    </datafield>
    <datafield tag="830" ind1=" " ind2="0">
      <subfield code="a">Isagoge</subfield>
    </datafield>
    <datafield tag="830" ind1=" " ind2="0">
      <subfield code="a">De voce</subfield>
    </datafield>
    <datafield tag="830" ind1=" " ind2="0">
      <subfield code="a">De universali</subfield>
    </datafield>
    <datafield tag="830" ind1=" " ind2="0">
      <subfield code="a">De toto et parte</subfield>
    </datafield>
    <datafield tag="830" ind1=" " ind2="0">
      <subfield code="a">De scientia</subfield>
    </datafield>
    <datafield tag="830" ind1=" " ind2="0">
      <subfield code="a">De ratiocinio</subfield>
    </datafield>
    <datafield tag="830" ind1=" " ind2="0">
      <subfield code="a">De instrumentis sciendi</subfield>
    </datafield>
    <datafield tag="830" ind1=" " ind2="0">
      <subfield code="a">De ente</subfield>
    </datafield>
    <datafield tag="830" ind1=" " ind2="0">
      <subfield code="a">De discursu</subfield>
    </datafield>
    <datafield tag="830" ind1=" " ind2="0">
      <subfield code="a">De definitione et divisione</subfield>
    </datafield>
    <datafield tag="830" ind1=" " ind2="0">
      <subfield code="a">Categoriae</subfield>
    </datafield>
    <datafield tag="830" ind1=" " ind2="0">
      <subfield code="a">De argumentatione</subfield>
    </datafield>
    <datafield tag="856" ind1="4" ind2="0">
      <subfield code="u">http://resolver.lias.be/get_pid?view&amp;usagetype=VIEW_MAIN,VIEW&amp;pid=768050</subfield>
      <subfield code="y">Online version in LIAS</subfield>
    </datafield>
    <datafield tag="852" ind1=" " ind2=" ">
      <subfield code="8">22317295290001488</subfield>
      <subfield code="b">BIBC</subfield>
      <subfield code="c">BRES</subfield>
      <subfield code="h">Ms. 204</subfield>
    </datafield>
    <datafield tag="900" ind1=" " ind2=" ">
      <subfield code="a">CONSOLIDATED RECORD</subfield>
      <subfield code="b">KU Leuven</subfield>
    </datafield>
    <datafield tag="950" ind1=" " ind2=" ">
      <subfield code="a">1</subfield>
      <subfield code="b">engraved titlepage</subfield>
      <subfield code="c">Florescvnt Lilia primis (Ioan Verhoeuen sculpsit Lovanii Iacobus de Gosen excudit)</subfield>
    </datafield>
    <datafield tag="950" ind1=" " ind2=" ">
      <subfield code="a">numerous pages with ornamental</subfield>
      <subfield code="b">initials</subfield>
    </datafield>
    <datafield tag="950" ind1=" " ind2=" ">
      <subfield code="a">f. 1r :</subfield>
      <subfield code="b">pen drawing(s)</subfield>
      <subfield code="c">Malo de re (coat of arms)</subfield>
    </datafield>
    <datafield tag="950" ind1=" " ind2=" ">
      <subfield code="a">f. 2r :</subfield>
      <subfield code="b">pen drawing(s)</subfield>
      <subfield code="c">persons from the New World</subfield>
    </datafield>
    <datafield tag="950" ind1=" " ind2=" ">
      <subfield code="a">f. 3r : drawn</subfield>
      <subfield code="b">head piece(s)</subfield>
    </datafield>
    <datafield tag="950" ind1=" " ind2=" ">
      <subfield code="a">f. 5r :</subfield>
      <subfield code="b">engraving(s)</subfield>
      <subfield code="c">woman with bird, snake and frogs (Dialectica)</subfield>
    </datafield>
    <datafield tag="950" ind1=" " ind2=" ">
      <subfield code="a">f. 7r :</subfield>
      <subfield code="b">pen drawing(s)</subfield>
      <subfield code="c">caricature</subfield>
    </datafield>
    <datafield tag="950" ind1=" " ind2=" ">
      <subfield code="a">Pasted on f. 10v :</subfield>
      <subfield code="b">engraving(s)</subfield>
      <subfield code="c">Commedia dell'Arte</subfield>
    </datafield>
    <datafield tag="950" ind1=" " ind2=" ">
      <subfield code="a">Pasted on f. 13v :</subfield>
      <subfield code="b">engraving(s)</subfield>
      <subfield code="c">amphitheatre</subfield>
    </datafield>
    <datafield tag="950" ind1=" " ind2=" ">
      <subfield code="a">Pasted on f. 17r :</subfield>
      <subfield code="b">engraving(s)</subfield>
      <subfield code="c">Belle Sguardo. Couiello</subfield>
    </datafield>
    <datafield tag="950" ind1=" " ind2=" ">
      <subfield code="a">Pasted on f. 21r :</subfield>
      <subfield code="b">engraving(s)</subfield>
      <subfield code="c">valley of Sorrows</subfield>
    </datafield>
    <datafield tag="950" ind1=" " ind2=" ">
      <subfield code="a">f. 28v :</subfield>
      <subfield code="b">engraving(s)</subfield>
      <subfield code="c">Aeschout Jonckmans die dit hanteeren ...</subfield>
    </datafield>
    <datafield tag="950" ind1=" " ind2=" ">
      <subfield code="a">Pasted on f. 29r :</subfield>
      <subfield code="b">engraving(s)</subfield>
      <subfield code="c">hunter</subfield>
    </datafield>
    <datafield tag="950" ind1=" " ind2=" ">
      <subfield code="a">f. 36r :</subfield>
      <subfield code="b">engraving(s)</subfield>
      <subfield code="c">Aquila pauo (Michael Haÿe excudit)</subfield>
    </datafield>
    <datafield tag="950" ind1=" " ind2=" ">
      <subfield code="a">f. 49r :</subfield>
      <subfield code="b">engraving(s)</subfield>
      <subfield code="c">Africa (Michael Hayée excud)</subfield>
    </datafield>
    <datafield tag="950" ind1=" " ind2=" ">
      <subfield code="a">f. 58r :</subfield>
      <subfield code="b">pen drawing(s)</subfield>
      <subfield code="c">banner with text &quot;Lavs Deo semper&quot;</subfield>
    </datafield>
    <datafield tag="950" ind1=" " ind2=" ">
      <subfield code="a">f. 58v :</subfield>
      <subfield code="b">pen drawing(s)</subfield>
      <subfield code="c">Universali in significando (caricatural figures)</subfield>
    </datafield>
    <datafield tag="950" ind1=" " ind2=" ">
      <subfield code="a">f. 66v :</subfield>
      <subfield code="b">pen drawing(s)</subfield>
      <subfield code="c">banner with text &quot;Soli Deo gloria&quot; - Malo de re (coat of arms)</subfield>
    </datafield>
    <datafield tag="950" ind1=" " ind2=" ">
      <subfield code="a">f. 71v :</subfield>
      <subfield code="b">pen drawing(s)</subfield>
      <subfield code="c">banner with text &quot;Labore et constantia 1669&quot; (compass and motto of the printer's device of the Officina Plantiniana)</subfield>
    </datafield>
    <datafield tag="950" ind1=" " ind2=" ">
      <subfield code="a">Pasted on f. 77v :</subfield>
      <subfield code="b">engraving(s)</subfield>
      <subfield code="c">Cap[itan]o Csangarato Cap[itan]o Cocodrillo</subfield>
    </datafield>
    <datafield tag="950" ind1=" " ind2=" ">
      <subfield code="a">f. 81r :</subfield>
      <subfield code="b">engraving(s)</subfield>
      <subfield code="c">Sedes sapientia</subfield>
    </datafield>
    <datafield tag="950" ind1=" " ind2=" ">
      <subfield code="a">f. 82r :</subfield>
      <subfield code="b">engraved titlepage</subfield>
      <subfield code="c">Metaphysica Physica (Hieron Iacobus de Gosen)</subfield>
    </datafield>
    <datafield tag="950" ind1=" " ind2=" ">
      <subfield code="a">f. 84r : engraved</subfield>
      <subfield code="b">portrait(s)</subfield>
      <subfield code="c">Fridericus III. Dei Gratia Daniae et Norwegae Rex nec non Schlewici et Holsatia Deux etc. (Gasper de Hollander excu.)</subfield>
    </datafield>
    <datafield tag="950" ind1=" " ind2=" ">
      <subfield code="a">Pasted on f. 87r :</subfield>
      <subfield code="b">engraving(s)</subfield>
      <subfield code="c">Commedia dell'Arte</subfield>
    </datafield>
    <datafield tag="950" ind1=" " ind2=" ">
      <subfield code="a">f. 90r : engraved</subfield>
      <subfield code="b">portrait(s)</subfield>
      <subfield code="c">Cristina Regina Sveciae etc. (Th. van Merlen ex Antuerpiae)</subfield>
    </datafield>
    <datafield tag="950" ind1=" " ind2=" ">
      <subfield code="a">Pasted on f. 91r :</subfield>
      <subfield code="b">engraving(s)</subfield>
      <subfield code="c">colour-bearer</subfield>
    </datafield>
    <datafield tag="950" ind1=" " ind2=" ">
      <subfield code="a">Pasted on f. 92r :</subfield>
      <subfield code="b">engraving(s)</subfield>
      <subfield code="c">dancers</subfield>
    </datafield>
    <datafield tag="950" ind1=" " ind2=" ">
      <subfield code="a">Pasted on f. 94r :</subfield>
      <subfield code="b">engraving(s)</subfield>
      <subfield code="c">walker with dog</subfield>
    </datafield>
    <datafield tag="950" ind1=" " ind2=" ">
      <subfield code="a">Pasted on f. 98r :</subfield>
      <subfield code="b">engraving(s)</subfield>
      <subfield code="c">Cap[itano] Cerimonia Sig[nor]a Lauinia</subfield>
    </datafield>
    <datafield tag="950" ind1=" " ind2=" ">
      <subfield code="a">f. 100r :</subfield>
      <subfield code="b">engraving(s)</subfield>
      <subfield code="c">medallion with motto &quot;Yo el Rey&quot;</subfield>
    </datafield>
    <datafield tag="950" ind1=" " ind2=" ">
      <subfield code="a">Pasted on f. 103r :</subfield>
      <subfield code="b">engraving(s)</subfield>
      <subfield code="c">Franca Trippa. Fritellino</subfield>
    </datafield>
    <datafield tag="950" ind1=" " ind2=" ">
      <subfield code="a">f. 113r : engraved</subfield>
      <subfield code="b">portrait(s)</subfield>
      <subfield code="c">Clemens IX rospiglio sivs pistorien. pontifex maximvs Creatus 20 Iuny anno 1667 (Ioan Meyssens exc. Antv.)</subfield>
    </datafield>
    <datafield tag="950" ind1=" " ind2=" ">
      <subfield code="a">f. 126r :</subfield>
      <subfield code="b">engraving(s)</subfield>
      <subfield code="c">America (Michael Haÿee excudit)</subfield>
    </datafield>
    <datafield tag="952" ind1=" " ind2=" ">
      <subfield code="d">Leuven (Louvain)</subfield>
      <subfield code="e">Pedagogie De Lelie</subfield>
      <subfield code="0">(ODIS-ORG)35505</subfield>
      <subfield code="f">Faculty of Arts, Paedagogium Lilii</subfield>
    </datafield>
    <datafield tag="953" ind1=" " ind2=" ">
      <subfield code="b">1601-1700</subfield>
    </datafield>
    <datafield tag="996" ind1=" " ind2=" ">
      <subfield code="a">BIBC</subfield>
      <subfield code="b">physical</subfield>
      <subfield code="c">201509</subfield>
      <subfield code="d">Lectio Magister dixit</subfield>
    </datafield>
  </record>