
  <record>
    <leader>09278ntm a2201681 u 4500</leader>
    <controlfield tag="001">9977403690101488</controlfield>
    <controlfield tag="005">20151221075416.0</controlfield>
    <controlfield tag="008">101020m16691670xx      |     000 0 lat c</controlfield>
    <datafield tag="035" ind1=" " ind2=" ">
      <subfield code="a">(BeLVLBS)007740369LBS01-Aleph</subfield>
    </datafield>
    <datafield tag="035" ind1=" " ind2=" ">
      <subfield code="a">(EXLNZ-32KUL_LIBIS_NETWORK)9977403690101471</subfield>
    </datafield>
    <datafield tag="245" ind1="0" ind2="0">
      <subfield code="a">De Argumentatione.</subfield>
    </datafield>
    <datafield tag="246" ind1="1" ind2="3">
      <subfield code="a">De Argumen[ta]tione.</subfield>
    </datafield>
    <datafield tag="246" ind1="1" ind2="3">
      <subfield code="a">Logica III</subfield>
      <subfield code="b">De Argumentatione</subfield>
    </datafield>
    <datafield tag="260" ind1=" " ind2=" ">
      <subfield code="c">1669-1670.</subfield>
    </datafield>
    <datafield tag="300" ind1=" " ind2=" ">
      <subfield code="a">148 f.</subfield>
      <subfield code="b">ill.</subfield>
      <subfield code="c">198 x 160 mm.</subfield>
    </datafield>
    <datafield tag="300" ind1=" " ind2=" ">
      <subfield code="a">Cardboard binding ; half parchment binding, spine with parchment, boards with marbled paper</subfield>
    </datafield>
    <datafield tag="336" ind1=" " ind2=" ">
      <subfield code="a">text</subfield>
      <subfield code="2">rdacontent</subfield>
    </datafield>
    <datafield tag="337" ind1=" " ind2=" ">
      <subfield code="a">unmediated</subfield>
      <subfield code="2">rdamedia</subfield>
    </datafield>
    <datafield tag="338" ind1=" " ind2=" ">
      <subfield code="a">volume</subfield>
      <subfield code="2">rdacarrier</subfield>
    </datafield>
    <datafield tag="340" ind1=" " ind2=" ">
      <subfield code="e">Paper</subfield>
    </datafield>
    <datafield tag="351" ind1=" " ind2=" ">
      <subfield code="a">Band in karton ; rug overtrokken met perkament, platten met gemarmerd papier.</subfield>
    </datafield>
    <datafield tag="500" ind1=" " ind2=" ">
      <subfield code="a">Colophon on f. 144v reads : Finis coronat opus</subfield>
    </datafield>
    <datafield tag="500" ind1=" " ind2=" ">
      <subfield code="a">Chronogram on f. 148r reads : sCrIpta tertIa DIe MensIs IVLII fInIta sVnt [= 1669]</subfield>
    </datafield>
    <datafield tag="505" ind1="0" ind2=" ">
      <subfield code="a">De Argumentatione</subfield>
    </datafield>
    <datafield tag="505" ind1="0" ind2=" ">
      <subfield code="a">De argumentatione</subfield>
      <subfield code="g">f. 2r-3v</subfield>
    </datafield>
    <datafield tag="505" ind1="0" ind2=" ">
      <subfield code="a">Divisio argumentationis</subfield>
      <subfield code="g">f. 3v-6r</subfield>
    </datafield>
    <datafield tag="505" ind1="0" ind2=" ">
      <subfield code="a">De conversione</subfield>
      <subfield code="g">f. 6r-9v</subfield>
    </datafield>
    <datafield tag="505" ind1="0" ind2=" ">
      <subfield code="a">De equivocatione termini</subfield>
      <subfield code="g">f. 10r-14v</subfield>
    </datafield>
    <datafield tag="505" ind1="0" ind2=" ">
      <subfield code="a">Divisio conversionis in terminis</subfield>
      <subfield code="g">f. 14v-19v</subfield>
    </datafield>
    <datafield tag="505" ind1="0" ind2=" ">
      <subfield code="a">De Syllogismo</subfield>
    </datafield>
    <datafield tag="505" ind1="0" ind2=" ">
      <subfield code="a">De syllogismo generatim dicto</subfield>
      <subfield code="g">f. 22r-24r</subfield>
    </datafield>
    <datafield tag="505" ind1="0" ind2=" ">
      <subfield code="a">De syllogismo famose dicto</subfield>
      <subfield code="g">f. 24r-27r</subfield>
    </datafield>
    <datafield tag="505" ind1="0" ind2=" ">
      <subfield code="a">De termino syllogistico</subfield>
      <subfield code="g">f. 27v-28r</subfield>
    </datafield>
    <datafield tag="505" ind1="0" ind2=" ">
      <subfield code="a">Divisio syllogismi</subfield>
      <subfield code="g">f. 28v-29v</subfield>
    </datafield>
    <datafield tag="505" ind1="0" ind2=" ">
      <subfield code="a">Subdivisio syllogismi</subfield>
      <subfield code="g">f. 29v-32r</subfield>
    </datafield>
    <datafield tag="505" ind1="0" ind2=" ">
      <subfield code="a">De syllogismo expositorio</subfield>
      <subfield code="g">f. 32v-33v</subfield>
    </datafield>
    <datafield tag="505" ind1="0" ind2=" ">
      <subfield code="a">De principio syllogistico</subfield>
      <subfield code="g">f. 33v-35v</subfield>
    </datafield>
    <datafield tag="505" ind1="0" ind2=" ">
      <subfield code="a">De figura syllogistica</subfield>
      <subfield code="g">f. 37r-40r</subfield>
    </datafield>
    <datafield tag="505" ind1="0" ind2=" ">
      <subfield code="a">De modo syllogistico</subfield>
      <subfield code="g">f. 40r-41v</subfield>
    </datafield>
    <datafield tag="505" ind1="0" ind2=" ">
      <subfield code="a">Divisio modi syllogistici</subfield>
      <subfield code="g">f. 42r-49v</subfield>
    </datafield>
    <datafield tag="505" ind1="0" ind2=" ">
      <subfield code="a">Regulae generales Aristotelis. Prima [- octava] regula</subfield>
      <subfield code="g">f. 49v-57r</subfield>
    </datafield>
    <datafield tag="505" ind1="0" ind2=" ">
      <subfield code="a">Duae regulae extraordinariae. Regula prima [- secunda]</subfield>
      <subfield code="g">f. 57r-61v</subfield>
    </datafield>
    <datafield tag="505" ind1="0" ind2=" ">
      <subfield code="a">De syllogismo perfecto et imperfecto</subfield>
      <subfield code="g">f. 61v-63v</subfield>
    </datafield>
    <datafield tag="505" ind1="0" ind2=" ">
      <subfield code="a">De enthymemate</subfield>
      <subfield code="g">f. 63v-71r</subfield>
    </datafield>
    <datafield tag="505" ind1="0" ind2=" ">
      <subfield code="a">Regulae consequentiarum. Regula prima [- quinta]</subfield>
      <subfield code="g">f. 71r-74v</subfield>
    </datafield>
    <datafield tag="505" ind1="0" ind2=" ">
      <subfield code="a">Appendix</subfield>
      <subfield code="g">f. 74v-75v</subfield>
    </datafield>
    <datafield tag="505" ind1="0" ind2=" ">
      <subfield code="a">Questio secunda Quae libet necessaria</subfield>
      <subfield code="g">f. 76r-76v</subfield>
    </datafield>
    <datafield tag="505" ind1="0" ind2=" ">
      <subfield code="a">Questio tertia</subfield>
      <subfield code="g">f. 77r-77v</subfield>
    </datafield>
    <datafield tag="505" ind1="0" ind2=" ">
      <subfield code="a">Tractatus secundus</subfield>
    </datafield>
    <datafield tag="505" ind1="0" ind2=" ">
      <subfield code="a">De argumentatione topica</subfield>
      <subfield code="g">f. 81r-83v</subfield>
    </datafield>
    <datafield tag="505" ind1="0" ind2=" ">
      <subfield code="a">Quaestio secunda Quid et quotuplex sit locus topicus</subfield>
      <subfield code="g">f. 83v-84v</subfield>
    </datafield>
    <datafield tag="505" ind1="0" ind2=" ">
      <subfield code="a">Quaestio tertia Locus a convertibilibus</subfield>
      <subfield code="g">f. 84v-87v</subfield>
    </datafield>
    <datafield tag="505" ind1="0" ind2=" ">
      <subfield code="a">Quaestio quarta Locus a genere ad speciem</subfield>
      <subfield code="g">f. 87v-91v</subfield>
    </datafield>
    <datafield tag="505" ind1="0" ind2=" ">
      <subfield code="a">Quaestio quinta Locus a species ad genus</subfield>
      <subfield code="g">f. 93r-96r</subfield>
    </datafield>
    <datafield tag="505" ind1="0" ind2=" ">
      <subfield code="a">De inductione</subfield>
      <subfield code="g">f. 96v-98v</subfield>
    </datafield>
    <datafield tag="505" ind1="0" ind2=" ">
      <subfield code="a">Quaestio septima Locus ab excedentibus et excessis</subfield>
      <subfield code="g">f. 100r-102r</subfield>
    </datafield>
    <datafield tag="505" ind1="0" ind2=" ">
      <subfield code="a">Quaestio octava Locus a repugnantibus</subfield>
      <subfield code="g">f. 102v-104v</subfield>
    </datafield>
    <datafield tag="505" ind1="0" ind2=" ">
      <subfield code="a">Quaestio nona Locus a contradictoriis</subfield>
      <subfield code="g">f. 105r-108r</subfield>
    </datafield>
    <datafield tag="505" ind1="0" ind2=" ">
      <subfield code="a">De argumento per conditionales</subfield>
      <subfield code="g">f. 108v-112r</subfield>
    </datafield>
    <datafield tag="505" ind1="0" ind2=" ">
      <subfield code="a">De argumenta a toto copulativo et disiunctivo</subfield>
      <subfield code="g">f. 112r-116r</subfield>
    </datafield>
    <datafield tag="505" ind1="0" ind2=" ">
      <subfield code="a">De argumentatione a divisis ad coniuncta</subfield>
      <subfield code="g">f. 116r-118r</subfield>
    </datafield>
    <datafield tag="505" ind1="0" ind2=" ">
      <subfield code="a">Quaestio decima tertia Quomodo argumentemur ab inesse ad denominare</subfield>
      <subfield code="g">f. 118r-121r</subfield>
    </datafield>
    <datafield tag="505" ind1="0" ind2=" ">
      <subfield code="a">Quaestio decima quarta Locus a communiter accidentibus</subfield>
      <subfield code="g">f. 121r-122r</subfield>
    </datafield>
    <datafield tag="505" ind1="0" ind2=" ">
      <subfield code="a">Quaestio decima quinta de auctoritate</subfield>
      <subfield code="g">f. 124r-125v</subfield>
    </datafield>
    <datafield tag="505" ind1="0" ind2=" ">
      <subfield code="a">Tractatus quartus et ultimus De argumentatione vere et apparenter simul probativa A° 1669</subfield>
      <subfield code="g">f. 126v-129r</subfield>
    </datafield>
    <datafield tag="505" ind1="0" ind2=" ">
      <subfield code="a">De notiori</subfield>
      <subfield code="g">f. 129r-129v</subfield>
    </datafield>
    <datafield tag="505" ind1="0" ind2=" ">
      <subfield code="a">De syllogismo topico</subfield>
      <subfield code="g">f. 129v-131r</subfield>
    </datafield>
    <datafield tag="505" ind1="0" ind2=" ">
      <subfield code="a">De syllogismo demonstrativo</subfield>
      <subfield code="g">f. 131v-133v</subfield>
    </datafield>
    <datafield tag="505" ind1="0" ind2=" ">
      <subfield code="a">De syllogismo dialectico</subfield>
      <subfield code="g">f. 133v-135r</subfield>
    </datafield>
    <datafield tag="505" ind1="0" ind2=" ">
      <subfield code="a">De syllogismo pseudographo</subfield>
      <subfield code="g">f. 135r-136v</subfield>
    </datafield>
    <datafield tag="505" ind1="0" ind2=" ">
      <subfield code="a">De syllogismo litigioso</subfield>
      <subfield code="g">f. 136v-139r</subfield>
    </datafield>
    <datafield tag="505" ind1="0" ind2=" ">
      <subfield code="a">De redargusione</subfield>
      <subfield code="g">f. 139r-141r</subfield>
    </datafield>
    <datafield tag="505" ind1="0" ind2=" ">
      <subfield code="a">De sophismate</subfield>
      <subfield code="g">f. 141r-142v</subfield>
    </datafield>
    <datafield tag="505" ind1="0" ind2=" ">
      <subfield code="a">De fallacia equivocationis</subfield>
      <subfield code="g">f. 143r</subfield>
    </datafield>
    <datafield tag="505" ind1="0" ind2=" ">
      <subfield code="a">De fallacia amphibologia</subfield>
      <subfield code="g">f. 143r-143v</subfield>
    </datafield>
    <datafield tag="505" ind1="0" ind2=" ">
      <subfield code="a">De fallacia dicti simpliciter</subfield>
      <subfield code="g">f. 143v-144r</subfield>
    </datafield>
    <datafield tag="505" ind1="0" ind2=" ">
      <subfield code="a">De fallacia compositionis</subfield>
      <subfield code="g">f. 144r</subfield>
    </datafield>
    <datafield tag="505" ind1="0" ind2=" ">
      <subfield code="a">De fallacia divisionis</subfield>
      <subfield code="g">f. 144v</subfield>
    </datafield>
    <datafield tag="505" ind1="0" ind2=" ">
      <subfield code="a">De fallacia petitionis</subfield>
      <subfield code="g">f. 144v</subfield>
    </datafield>
    <datafield tag="546" ind1=" " ind2=" ">
      <subfield code="a">Latin</subfield>
    </datafield>
    <datafield tag="653" ind1=" " ind2="6">
      <subfield code="a">Manuscripts</subfield>
    </datafield>
    <datafield tag="653" ind1=" " ind2="6">
      <subfield code="a">Lecture notes</subfield>
    </datafield>
    <datafield tag="700" ind1="1" ind2=" ">
      <subfield code="a">Damman, Petrus</subfield>
      <subfield code="d">1634-1692</subfield>
      <subfield code="4">pfs</subfield>
    </datafield>
    <datafield tag="700" ind1="1" ind2=" ">
      <subfield code="a">Faes, Cornelius</subfield>
      <subfield code="d">†1694</subfield>
      <subfield code="4">pfs</subfield>
    </datafield>
    <datafield tag="700" ind1="1" ind2=" ">
      <subfield code="a">van Cantelbeke, Henricus Joannes</subfield>
      <subfield code="4">stu</subfield>
    </datafield>
    <datafield tag="700" ind1="1" ind2=" ">
      <subfield code="a">de Jode, Pieter</subfield>
      <subfield code="3">graphic artist</subfield>
      <subfield code="3">Pieter de Jode I or II</subfield>
      <subfield code="4">egr</subfield>
    </datafield>
    <datafield tag="700" ind1="1" ind2=" ">
      <subfield code="a">de Wees, N.</subfield>
      <subfield code="4">egr</subfield>
    </datafield>
    <datafield tag="700" ind1="1" ind2=" ">
      <subfield code="a">de Hollander, Gaspar</subfield>
      <subfield code="c">Antwerpen</subfield>
      <subfield code="d">1650-1660</subfield>
      <subfield code="4">egr</subfield>
    </datafield>
    <datafield tag="700" ind1="1" ind2=" ">
      <subfield code="a">Warmans, coenraad</subfield>
      <subfield code="4">egr</subfield>
    </datafield>
    <datafield tag="700" ind1="1" ind2=" ">
      <subfield code="a">Coques,Gonzales</subfield>
      <subfield code="4">ill</subfield>
    </datafield>
    <datafield tag="700" ind1="1" ind2=" ">
      <subfield code="a">Melar, Adrien</subfield>
      <subfield code="d">+1667</subfield>
      <subfield code="4">ill</subfield>
    </datafield>
    <datafield tag="700" ind1="1" ind2=" ">
      <subfield code="a">Diepenbeeck, Abraham van</subfield>
      <subfield code="4">egr</subfield>
    </datafield>
    <datafield tag="700" ind1="1" ind2=" ">
      <subfield code="a">Lommelin, Adriaen</subfield>
      <subfield code="d">c. 1618/22-c. 1677</subfield>
      <subfield code="g">Flemish engraver</subfield>
      <subfield code="3">graphic artist</subfield>
      <subfield code="4">egr</subfield>
    </datafield>
    <datafield tag="700" ind1="1" ind2=" ">
      <subfield code="a">Bouttats, Frederik</subfield>
      <subfield code="b">the elder</subfield>
      <subfield code="d">1590-1661</subfield>
      <subfield code="g">Flemish painter and engraver</subfield>
      <subfield code="4">egr</subfield>
    </datafield>
    <datafield tag="856" ind1="4" ind2="0">
      <subfield code="u">http://resolver.lias.be/get_pid?view&amp;usagetype=VIEW_MAIN,VIEW&amp;pid=769152</subfield>
      <subfield code="y">Online version in LIAS</subfield>
    </datafield>
    <datafield tag="830" ind1=" " ind2="0">
      <subfield code="a">Topica</subfield>
    </datafield>
    <datafield tag="830" ind1=" " ind2="0">
      <subfield code="a">Sophistici elenchi</subfield>
    </datafield>
    <datafield tag="830" ind1=" " ind2="0">
      <subfield code="a">De voce</subfield>
    </datafield>
    <datafield tag="830" ind1=" " ind2="0">
      <subfield code="a">De syllogismo</subfield>
    </datafield>
    <datafield tag="830" ind1=" " ind2="0">
      <subfield code="a">De sophisticis elenchis</subfield>
    </datafield>
    <datafield tag="830" ind1=" " ind2="0">
      <subfield code="a">De ratiocinio</subfield>
    </datafield>
    <datafield tag="830" ind1=" " ind2="0">
      <subfield code="a">De inductione</subfield>
    </datafield>
    <datafield tag="830" ind1=" " ind2="0">
      <subfield code="a">De enthymemate</subfield>
    </datafield>
    <datafield tag="830" ind1=" " ind2="0">
      <subfield code="a">De discursu</subfield>
    </datafield>
    <datafield tag="830" ind1=" " ind2="0">
      <subfield code="a">De argumentatione</subfield>
    </datafield>
    <datafield tag="830" ind1=" " ind2="0">
      <subfield code="a">Analytica priora</subfield>
    </datafield>
    <datafield tag="830" ind1=" " ind2="0">
      <subfield code="a">Analytica posteriora</subfield>
    </datafield>
    <datafield tag="852" ind1=" " ind2=" ">
      <subfield code="8">22317304620001488</subfield>
      <subfield code="b">BIBC</subfield>
      <subfield code="c">BRES</subfield>
      <subfield code="h">Ms. 205</subfield>
    </datafield>
    <datafield tag="900" ind1=" " ind2=" ">
      <subfield code="a">CONSOLIDATED RECORD</subfield>
      <subfield code="b">KU Leuven</subfield>
    </datafield>
    <datafield tag="950" ind1=" " ind2=" ">
      <subfield code="a">f. 2r, 3v, 6r, 10r, 14v, 22r, 24r, 27v, 28v, 29v, 32v, 33v, 37r, 40r, 42r, 49v, 51r, 53r, 53v, 55v, 56r, 56v, 57r, 58v, 61v, 63v, 71r, 72v, 72r, 73r, 74v81r, 83v, 84v, 87v, 93r, 96v, 100r, 102v, 105r, 108v, 112r, 116r, 118r, 121r, 124r, 129r, 129v, 131v, 133v, 135r, 136v, 139r, 141r, 143r, 143v, 144r, 144v : page with ornamental</subfield>
      <subfield code="b">initials</subfield>
    </datafield>
    <datafield tag="950" ind1=" " ind2=" ">
      <subfield code="a">f. 1r :</subfield>
      <subfield code="b">engraving(s)</subfield>
      <subfield code="c">Excellmus. D. Inacus Melchio Fernandez de Velasco et Tovar (Iustus Verus ab Egmont del. et pinx: O. de Iode sculp. Mart. vanden Enden excudit Antverp.)</subfield>
    </datafield>
    <datafield tag="950" ind1=" " ind2=" ">
      <subfield code="a">f. 19v :</subfield>
      <subfield code="b">pen drawing(s)</subfield>
      <subfield code="c">crowned lily</subfield>
    </datafield>
    <datafield tag="950" ind1=" " ind2=" ">
      <subfield code="a">f. 20v :</subfield>
      <subfield code="b">pen drawing(s)</subfield>
      <subfield code="c">De syllogismo (H.I.V.C. faciebat)</subfield>
    </datafield>
    <datafield tag="950" ind1=" " ind2=" ">
      <subfield code="a">f. 21r</subfield>
      <subfield code="b">engraving(s)</subfield>
      <subfield code="c">de somno et vigilia</subfield>
    </datafield>
    <datafield tag="950" ind1=" " ind2=" ">
      <subfield code="a">Pasted on f. 36v :</subfield>
      <subfield code="b">engraving(s)</subfield>
      <subfield code="c">Cap. Spessa monti BaGattino</subfield>
    </datafield>
    <datafield tag="950" ind1=" " ind2=" ">
      <subfield code="a">f. 50r : engraved</subfield>
      <subfield code="b">portrait(s)</subfield>
      <subfield code="c">Dom Ivan Davstriche Viceroy de Naples &amp;c. (N. de wees ex)</subfield>
    </datafield>
    <datafield tag="950" ind1=" " ind2=" ">
      <subfield code="a">f. 64r : engraved</subfield>
      <subfield code="b">portrait(s)</subfield>
      <subfield code="c">Evemenia Svltana, præcipua uxor Mahomet IIII. Imperatois Turcarum (Coenr. Waumans sculp. G. de Hollander ex.)</subfield>
    </datafield>
    <datafield tag="950" ind1=" " ind2=" ">
      <subfield code="a">Pasted on f. 74v :</subfield>
      <subfield code="b">engraving(s)</subfield>
      <subfield code="c">a reading and a writting man</subfield>
    </datafield>
    <datafield tag="950" ind1=" " ind2=" ">
      <subfield code="a">f. 76r :</subfield>
      <subfield code="b">pen drawing(s)</subfield>
      <subfield code="c">Crucifix with inscription &quot;INRI An ex qualibet impossibili et contingenti sequatur&quot;</subfield>
    </datafield>
    <datafield tag="950" ind1=" " ind2=" ">
      <subfield code="a">f.76v :</subfield>
      <subfield code="b">pen drawing(s)</subfield>
      <subfield code="c">Lily</subfield>
    </datafield>
    <datafield tag="950" ind1=" " ind2=" ">
      <subfield code="a">f. 77r :</subfield>
      <subfield code="b">pen drawing(s)</subfield>
      <subfield code="c">pierced heart filled with text</subfield>
    </datafield>
    <datafield tag="950" ind1=" " ind2=" ">
      <subfield code="a">f. 77 v :</subfield>
      <subfield code="b">pen drawing(s)</subfield>
      <subfield code="c">Lily with text in banners &quot;Florescvnt lilia primis&quot; and &quot; Fine coronato nobilitatvr opvs A° 1669&quot;</subfield>
    </datafield>
    <datafield tag="950" ind1=" " ind2=" ">
      <subfield code="a">f. 78v : engraved</subfield>
      <subfield code="b">portrait(s)</subfield>
      <subfield code="c">Carolus II dei gratia magnæ Britaniæ Franciæ et Hiberniæ rex (Gonzales Cocques Pinxit. Petrus de Iode fe. Gaspar de Hollander excudit Antuerpiæ 1660)</subfield>
    </datafield>
    <datafield tag="950" ind1=" " ind2=" ">
      <subfield code="a">f.79v : 1</subfield>
      <subfield code="b">pen drawing(s)</subfield>
      <subfield code="c">Commedia dell'Arte (HIVC, faciebat)</subfield>
    </datafield>
    <datafield tag="950" ind1=" " ind2=" ">
      <subfield code="a">f. 80r : engraved</subfield>
      <subfield code="b">portrait(s)</subfield>
      <subfield code="c">Effigies Illustrissimi et Excellentissmi Principis et Domini Christophori Bernhardt de Galen [...] (Adr. Melar scul. gedruckt bij Gaspar de Hollander op de Meir inde gulde croen tot Antwerpen)</subfield>
    </datafield>
    <datafield tag="950" ind1=" " ind2=" ">
      <subfield code="a">f. 92v :</subfield>
      <subfield code="b">engraving(s)</subfield>
      <subfield code="c">Papagallo</subfield>
    </datafield>
    <datafield tag="950" ind1=" " ind2=" ">
      <subfield code="a">f. 99v : engraved</subfield>
      <subfield code="b">portrait(s)</subfield>
      <subfield code="c">Ginnaeghel Æthiopiæ et magnæ Ægypciæ Rex (Abr. a Diepenbeeck deliniauit Adr. Lommelin sculpsit Gaspar de Hollander excudit Antuerpiæ 1660)</subfield>
    </datafield>
    <datafield tag="950" ind1=" " ind2=" ">
      <subfield code="a">Pasted on f. 111v :</subfield>
      <subfield code="b">engraving(s)</subfield>
      <subfield code="c">round dance with handwritten banner &quot;Vis unita fortior 1670&quot;</subfield>
    </datafield>
    <datafield tag="950" ind1=" " ind2=" ">
      <subfield code="a">f. 123v : engraved</subfield>
      <subfield code="b">portrait(s)</subfield>
      <subfield code="c">Thomas Fairfax [...] (Gas. de Hollaner excudit)</subfield>
    </datafield>
    <datafield tag="950" ind1=" " ind2=" ">
      <subfield code="a">f. 126v :</subfield>
      <subfield code="b">ornamental border(s)</subfield>
      <subfield code="c">4 firedrakes</subfield>
    </datafield>
    <datafield tag="950" ind1=" " ind2=" ">
      <subfield code="a">f. 127r : engraved</subfield>
      <subfield code="b">portrait(s)</subfield>
      <subfield code="c">Charles Gvstave [...] (Fred Bouttats exc. Antverpiæ)</subfield>
    </datafield>
    <datafield tag="950" ind1=" " ind2=" ">
      <subfield code="a">Pasted on f. 128r :</subfield>
      <subfield code="b">engraving(s)</subfield>
      <subfield code="c">Commedia dell'Arte</subfield>
    </datafield>
    <datafield tag="950" ind1=" " ind2=" ">
      <subfield code="a">Pasted on f. 133v :</subfield>
      <subfield code="b">engraving(s)</subfield>
      <subfield code="c">Commedia dell'Arte</subfield>
    </datafield>
    <datafield tag="950" ind1=" " ind2=" ">
      <subfield code="a">Pasted on f. 136v :</subfield>
      <subfield code="b">engraving(s)</subfield>
      <subfield code="c">Commedia dell'Arte</subfield>
    </datafield>
    <datafield tag="950" ind1=" " ind2=" ">
      <subfield code="a">f. 138v :</subfield>
      <subfield code="b">pen drawing(s)</subfield>
      <subfield code="c">lutenist 'Commedia dell'Arte'</subfield>
    </datafield>
    <datafield tag="950" ind1=" " ind2=" ">
      <subfield code="a">f. 141v :</subfield>
      <subfield code="b">pen drawing(s)</subfield>
      <subfield code="c">pierced heart filled with text</subfield>
    </datafield>
    <datafield tag="950" ind1=" " ind2=" ">
      <subfield code="a">f. 142r :</subfield>
      <subfield code="b">pen drawing(s)</subfield>
      <subfield code="c">tower with banner &quot;impensa perdita&quot; and filled with text</subfield>
    </datafield>
    <datafield tag="950" ind1=" " ind2=" ">
      <subfield code="a">f. 142v :</subfield>
      <subfield code="b">pen drawing(s)</subfield>
      <subfield code="c">crowned lily filled with text</subfield>
    </datafield>
    <datafield tag="950" ind1=" " ind2=" ">
      <subfield code="a">f. 144r :</subfield>
      <subfield code="b">pen drawing(s)</subfield>
      <subfield code="c">fountain drawn in text</subfield>
    </datafield>
    <datafield tag="950" ind1=" " ind2=" ">
      <subfield code="a">f. 145r :</subfield>
      <subfield code="b">engraving(s)</subfield>
      <subfield code="c">Het recht Conterfijtsel van Thyl Vlenspiegel, [...] (Snaeck en[de] Guichelaer Sterk Anno 1302 Gaspar de Hollander excudit.)</subfield>
    </datafield>
    <datafield tag="950" ind1=" " ind2=" ">
      <subfield code="a">f. 146v : engraved</subfield>
      <subfield code="b">portrait(s)</subfield>
      <subfield code="c">Carolus V [...] (G. Ens Pangebar)</subfield>
    </datafield>
    <datafield tag="950" ind1=" " ind2=" ">
      <subfield code="a">f. 147r :</subfield>
      <subfield code="b">pen drawing(s)</subfield>
      <subfield code="c">2 columns (with on top crown, sceptre, sword, globus cruciger) with banner &quot;Non plvs vltra&quot;</subfield>
    </datafield>
    <datafield tag="952" ind1=" " ind2=" ">
      <subfield code="d">Leuven (Louvain)</subfield>
      <subfield code="e">Pedagogie De Lelie</subfield>
      <subfield code="0">(ODIS-ORG)35505</subfield>
      <subfield code="f">Faculty of Arts, Paedagogium Lilii</subfield>
    </datafield>
    <datafield tag="953" ind1=" " ind2=" ">
      <subfield code="b">1601-1700</subfield>
    </datafield>
    <datafield tag="996" ind1=" " ind2=" ">
      <subfield code="a">BIBC</subfield>
      <subfield code="b">physical</subfield>
      <subfield code="c">201509</subfield>
      <subfield code="d">Lectio Magister dixit</subfield>
    </datafield>
  </record>