
  <record>
    <leader>10321ntm a2201813 u 4500</leader>
    <controlfield tag="001">9977803120101488</controlfield>
    <controlfield tag="005">20151221075417.0</controlfield>
    <controlfield tag="008">110124m16591660xx      |     000 0 lat c</controlfield>
    <datafield tag="035" ind1=" " ind2=" ">
      <subfield code="a">(BeLVLBS)007780312LBS01-Aleph</subfield>
    </datafield>
    <datafield tag="035" ind1=" " ind2=" ">
      <subfield code="a">(EXLNZ-32KUL_LIBIS_NETWORK)9977803120101471</subfield>
    </datafield>
    <datafield tag="245" ind1="0" ind2="0">
      <subfield code="a">Universa philosophia et logica Aristotelis.</subfield>
    </datafield>
    <datafield tag="246" ind1="1" ind2="3">
      <subfield code="a">Logica et metaphysica</subfield>
    </datafield>
    <datafield tag="260" ind1=" " ind2=" ">
      <subfield code="c">1659-1660.</subfield>
    </datafield>
    <datafield tag="300" ind1=" " ind2=" ">
      <subfield code="a">670 f.</subfield>
      <subfield code="b">ill.</subfield>
      <subfield code="c">210 x 160 mm.</subfield>
    </datafield>
    <datafield tag="300" ind1=" " ind2=" ">
      <subfield code="a">Brown leather binding ; blind stamped spine and boards ; gilt stamp on front board with the words  &quot;Franciscus Vandermeeren&quot;, gilt stamp on back board with the words &quot; Thenensis Anno 1660&quot; ;  traces of leather tie holes</subfield>
    </datafield>
    <datafield tag="336" ind1=" " ind2=" ">
      <subfield code="a">text</subfield>
      <subfield code="2">rdacontent</subfield>
    </datafield>
    <datafield tag="337" ind1=" " ind2=" ">
      <subfield code="a">unmediated</subfield>
      <subfield code="2">rdamedia</subfield>
    </datafield>
    <datafield tag="338" ind1=" " ind2=" ">
      <subfield code="a">volume</subfield>
      <subfield code="2">rdacarrier</subfield>
    </datafield>
    <datafield tag="340" ind1=" " ind2=" ">
      <subfield code="e">Paper</subfield>
    </datafield>
    <datafield tag="351" ind1=" " ind2=" ">
      <subfield code="a">Band in bruin leder ; blind gestempeld rug en platten ; voorplat met de woorden &quot;Franciscus Vandermeeren&quot; in gouddruk ; achterplat met &quot; Thenensis Anno 1660&quot; in gouddruk ; restanten van gaatjes voor lederen veters</subfield>
    </datafield>
    <datafield tag="500" ind1=" " ind2=" ">
      <subfield code="a">Chronogram on f. 126v reads : Chronicon bIs Dena IVni referebat LogICaMetas anni mensis et diei [= 1659]</subfield>
    </datafield>
    <datafield tag="500" ind1=" " ind2=" ">
      <subfield code="a">Chronogram on f. 127v reads : sIt LaVs Deo, SaCrae sIt honor MarIae [= 1658]</subfield>
    </datafield>
    <datafield tag="500" ind1=" " ind2=" ">
      <subfield code="a">Chronogram on f. 233v reads : Chronicon sIt VnIaCtrIno gLorIa Magna Deo [= 1659] / ALiud posIto fIne LaVDes MarIae canIte [= 1659] / Mariae cant</subfield>
    </datafield>
    <datafield tag="500" ind1=" " ind2=" ">
      <subfield code="a">Chronogram on f. 605r reads : Chronicon ter Dena IVLI referebat phIIsICa Meta anni mensis et diei [= 1660]</subfield>
    </datafield>
    <datafield tag="500" ind1=" " ind2=" ">
      <subfield code="a">Chronogram on f. 606r reads : Chronicon posIto fIne Deo aC MarIe sIt honor atqVe gLoria [= 1660] Franciscus vander Meeren fecit</subfield>
    </datafield>
    <datafield tag="500" ind1=" " ind2=" ">
      <subfield code="a">Title created by cataloguer</subfield>
    </datafield>
    <datafield tag="500" ind1=" " ind2=" ">
      <subfield code="a">11 colophons</subfield>
    </datafield>
    <datafield tag="500" ind1=" " ind2=" ">
      <subfield code="a">Colophon on f. 126r reads : Finis logice positus est vigesima iunij Anno 1659</subfield>
    </datafield>
    <datafield tag="500" ind1=" " ind2=" ">
      <subfield code="a">Colophon on f. 126v reads : Scribebat Franciscus vander Meren Thenensis</subfield>
    </datafield>
    <datafield tag="500" ind1=" " ind2=" ">
      <subfield code="a">Colophon on f. 127v reads : Franciscus Vander Meeren Thenenis Louanii. Ao. 1659</subfield>
    </datafield>
    <datafield tag="500" ind1=" " ind2=" ">
      <subfield code="a">Colophon on f. 128v reads : Actum louanii Anno D[omi]ni 1659</subfield>
    </datafield>
    <datafield tag="500" ind1=" " ind2=" ">
      <subfield code="a">Colophon on f. 410v reads : Ao 1660 (in ornamental initial)</subfield>
    </datafield>
    <datafield tag="500" ind1=" " ind2=" ">
      <subfield code="a">Colophon on f. 468v reads : vander meeren IHS vander meeren IHS IHS</subfield>
    </datafield>
    <datafield tag="500" ind1=" " ind2=" ">
      <subfield code="a">Colophon on f. 494r reads : Finis sphaere Vigesima sexta 7bris explicando finitus</subfield>
    </datafield>
    <datafield tag="500" ind1=" " ind2=" ">
      <subfield code="a">Colophon on f. 494v reads : Eorum quae lectionibus post meridianis tractanda sunt in physica / Fr. V. M. 1659</subfield>
    </datafield>
    <datafield tag="500" ind1=" " ind2=" ">
      <subfield code="a">Colophon on f. 605r reads : Finis physice dictando 30 iulii et explicando 31 iulii positus</subfield>
    </datafield>
    <datafield tag="500" ind1=" " ind2=" ">
      <subfield code="a">Colophon on f. 609v reads : Anno 1660</subfield>
    </datafield>
    <datafield tag="500" ind1=" " ind2=" ">
      <subfield code="a">Colophon on f. 619v reads : F: Vander Meeren 1660</subfield>
    </datafield>
    <datafield tag="505" ind1="0" ind2=" ">
      <subfield code="a">Praefatio in universam phijlosophijam et logicam Aristotelis</subfield>
      <subfield code="g">f. 1v-94r</subfield>
    </datafield>
    <datafield tag="505" ind1="0" ind2=" ">
      <subfield code="a">* Libri Priorum analiticorum de obiecto et inscriptione horum librorum</subfield>
      <subfield code="g">f. 94r-123v</subfield>
    </datafield>
    <datafield tag="505" ind1="0" ind2=" ">
      <subfield code="a">* Liber secundus Priorum analiticorum</subfield>
      <subfield code="g">f. 123v-126v</subfield>
    </datafield>
    <datafield tag="505" ind1="0" ind2=" ">
      <subfield code="a">Prodidogmata</subfield>
    </datafield>
    <datafield tag="505" ind1="0" ind2=" ">
      <subfield code="a">* Tractatus primus De tribus sciendi Institutis - Proemium</subfield>
      <subfield code="g">f. 128v-133r</subfield>
    </datafield>
    <datafield tag="505" ind1="0" ind2=" ">
      <subfield code="a">* Tractatus secundus De signo</subfield>
      <subfield code="g">f. 133r-140v</subfield>
    </datafield>
    <datafield tag="505" ind1="0" ind2=" ">
      <subfield code="a">* Tractatus tertius De affectionibus vocum - De determinatione</subfield>
      <subfield code="g">f. 140v-167r</subfield>
    </datafield>
    <datafield tag="505" ind1="0" ind2=" ">
      <subfield code="a">[De interpretatione]</subfield>
    </datafield>
    <datafield tag="505" ind1="0" ind2=" ">
      <subfield code="a">* Liber primus Perihermenias sive de interpretatione</subfield>
      <subfield code="g">f. 167v-184v</subfield>
    </datafield>
    <datafield tag="505" ind1="0" ind2=" ">
      <subfield code="a">* Liber secundus De interpretatione</subfield>
      <subfield code="g">f. 184v-190r</subfield>
    </datafield>
    <datafield tag="505" ind1="0" ind2=" ">
      <subfield code="a">[Libri Topicorum]</subfield>
    </datafield>
    <datafield tag="505" ind1="0" ind2=" ">
      <subfield code="a">* Liber primus Topicorum - Praefatio</subfield>
      <subfield code="g">f. 190r-190v</subfield>
    </datafield>
    <datafield tag="505" ind1="0" ind2=" ">
      <subfield code="a">** Tractatus primus De syllogismo vere probativo</subfield>
      <subfield code="g">f. 190v-207v</subfield>
    </datafield>
    <datafield tag="505" ind1="0" ind2=" ">
      <subfield code="a">** Liber secundus Topicorum De argumentatione topica</subfield>
      <subfield code="g">f. 207v-233v</subfield>
    </datafield>
    <datafield tag="505" ind1="0" ind2=" ">
      <subfield code="a">[Libri physicorum]</subfield>
    </datafield>
    <datafield tag="505" ind1="0" ind2=" ">
      <subfield code="a">* De scientia physica eiusque nomine</subfield>
      <subfield code="g">f. 234v-236v</subfield>
    </datafield>
    <datafield tag="505" ind1="0" ind2=" ">
      <subfield code="a">* Tractatus De causis</subfield>
      <subfield code="g">f. 237r-306r</subfield>
    </datafield>
    <datafield tag="505" ind1="0" ind2=" ">
      <subfield code="a">** Tractatus De corpore naturali et partibus eius</subfield>
      <subfield code="g">f. 293v-306r</subfield>
    </datafield>
    <datafield tag="505" ind1="0" ind2=" ">
      <subfield code="a">* Tractatus secundus De forma substantiali et variis acceptionibus eius</subfield>
      <subfield code="g">f. 306v-322r</subfield>
    </datafield>
    <datafield tag="505" ind1="0" ind2=" ">
      <subfield code="a">[Libri de anima]</subfield>
    </datafield>
    <datafield tag="505" ind1="0" ind2=" ">
      <subfield code="a">* Liber primus De anima in genere</subfield>
      <subfield code="g">f. 322r-328v</subfield>
    </datafield>
    <datafield tag="505" ind1="0" ind2=" ">
      <subfield code="a">* Liber secundus De anima vegetativa</subfield>
      <subfield code="g">f. 328v-344r</subfield>
    </datafield>
    <datafield tag="505" ind1="0" ind2=" ">
      <subfield code="a">Tractatus secundus</subfield>
      <subfield code="g">f. 344v-348r</subfield>
    </datafield>
    <datafield tag="505" ind1="0" ind2=" ">
      <subfield code="a">* Liber tertius De anima sensitiva eiusque potiis et actionibus</subfield>
      <subfield code="g">f. 384r</subfield>
    </datafield>
    <datafield tag="505" ind1="0" ind2=" ">
      <subfield code="a">Tractatus [tert]us De anima sensitiva</subfield>
      <subfield code="g">f. 348v-435r</subfield>
    </datafield>
    <datafield tag="505" ind1="0" ind2=" ">
      <subfield code="a">* Liber quartus De anima rationali</subfield>
      <subfield code="g">f. 435r-468v</subfield>
    </datafield>
    <datafield tag="505" ind1="0" ind2=" ">
      <subfield code="a">Tractatus De sphaera</subfield>
      <subfield code="g">f. 470v-494r</subfield>
    </datafield>
    <datafield tag="505" ind1="0" ind2=" ">
      <subfield code="a">[Eorum quae lectionibus postmeridianis sunt tratanda in physica]</subfield>
    </datafield>
    <datafield tag="505" ind1="0" ind2=" ">
      <subfield code="a">Pars prima De motu</subfield>
    </datafield>
    <datafield tag="505" ind1="0" ind2=" ">
      <subfield code="a">*Proemium</subfield>
      <subfield code="g">f. 494v-495r</subfield>
    </datafield>
    <datafield tag="505" ind1="0" ind2=" ">
      <subfield code="a">* Tractatus primus De motu in genere</subfield>
      <subfield code="g">f. 495r-500v</subfield>
    </datafield>
    <datafield tag="505" ind1="0" ind2=" ">
      <subfield code="a">* Tractatus secundus De motu locali</subfield>
      <subfield code="g">f. 500v-517v</subfield>
    </datafield>
    <datafield tag="505" ind1="0" ind2=" ">
      <subfield code="a">* Tractatus tertius De alteratione</subfield>
      <subfield code="g">f. 517v-525v</subfield>
    </datafield>
    <datafield tag="505" ind1="0" ind2=" ">
      <subfield code="a">* Tratatus quartus De mutatione substantiali</subfield>
      <subfield code="g">f. 526r-534v</subfield>
    </datafield>
    <datafield tag="505" ind1="0" ind2=" ">
      <subfield code="a">Pars secunda In qua agitur de corporibus inanimatis</subfield>
    </datafield>
    <datafield tag="505" ind1="0" ind2=" ">
      <subfield code="a">* Proemium</subfield>
      <subfield code="g">f. 535r-535v</subfield>
    </datafield>
    <datafield tag="505" ind1="0" ind2=" ">
      <subfield code="a">* Tractatus primus De coelo</subfield>
      <subfield code="g">f. 535v-558v</subfield>
    </datafield>
    <datafield tag="505" ind1="0" ind2=" ">
      <subfield code="a">* Tractatus secundus De elementis in genere</subfield>
      <subfield code="g">f. 558v-566r</subfield>
    </datafield>
    <datafield tag="505" ind1="0" ind2=" ">
      <subfield code="a">* Tractatus secundus De elementis in genere [= tertius De elementis in specie</subfield>
      <subfield code="g">f. 566r-575v</subfield>
    </datafield>
    <datafield tag="505" ind1="0" ind2=" ">
      <subfield code="a">* Tractatus quartus De metheoris</subfield>
      <subfield code="g">f. 576r-585v</subfield>
    </datafield>
    <datafield tag="505" ind1="0" ind2=" ">
      <subfield code="a">* Tractatus quintus De metheoris aqueis</subfield>
      <subfield code="g">f. 585v-589r</subfield>
    </datafield>
    <datafield tag="505" ind1="0" ind2=" ">
      <subfield code="a">* Tractatus sextus De metheoris terreis sive ventis</subfield>
      <subfield code="g">f. 589v-593v</subfield>
    </datafield>
    <datafield tag="505" ind1="0" ind2=" ">
      <subfield code="a">* Tractatus septimus De metheoris apparentibus</subfield>
      <subfield code="g">f. 593v-602v</subfield>
    </datafield>
    <datafield tag="505" ind1="0" ind2=" ">
      <subfield code="a">* Tractatus ultimus De mineralibus</subfield>
      <subfield code="g">f. 603r-605r</subfield>
    </datafield>
    <datafield tag="505" ind1="0" ind2=" ">
      <subfield code="a">[Metaphysica]</subfield>
    </datafield>
    <datafield tag="505" ind1="0" ind2=" ">
      <subfield code="a">* [Proemium]</subfield>
      <subfield code="g">f. 607r-618v</subfield>
    </datafield>
    <datafield tag="505" ind1="0" ind2=" ">
      <subfield code="a">* Liber primus De ente in genere eiusque proprietatibus</subfield>
      <subfield code="g">f. 619r-642r</subfield>
    </datafield>
    <datafield tag="505" ind1="0" ind2=" ">
      <subfield code="a">** Tractatus primus De ente et existentia</subfield>
      <subfield code="g">f. 619v-625r</subfield>
    </datafield>
    <datafield tag="505" ind1="0" ind2=" ">
      <subfield code="a">** Tractaus secundus De passionibus entis in genere seu proprietatibus</subfield>
      <subfield code="g">f. 625v-631r</subfield>
    </datafield>
    <datafield tag="505" ind1="0" ind2=" ">
      <subfield code="a">** Tractatus tertius De proprietatibus complexis entis</subfield>
      <subfield code="g">f. 631r-642r</subfield>
    </datafield>
    <datafield tag="505" ind1="0" ind2=" ">
      <subfield code="a">* Liber secundus De substantia</subfield>
      <subfield code="g">f. 642r-651r</subfield>
    </datafield>
    <datafield tag="505" ind1="0" ind2=" ">
      <subfield code="a">* Liber tertius De accidente in genere</subfield>
      <subfield code="g">f. 651r-667r</subfield>
    </datafield>
    <datafield tag="505" ind1="0" ind2=" ">
      <subfield code="a">* Liber quartus Tractatus unicus De ente rationis</subfield>
      <subfield code="g">f. 667r-669v</subfield>
    </datafield>
    <datafield tag="546" ind1=" " ind2=" ">
      <subfield code="a">Latin</subfield>
    </datafield>
    <datafield tag="653" ind1=" " ind2="6">
      <subfield code="a">Manuscripts</subfield>
    </datafield>
    <datafield tag="653" ind1=" " ind2="6">
      <subfield code="a">Lecture notes</subfield>
    </datafield>
    <datafield tag="700" ind1="1" ind2=" ">
      <subfield code="a">van der Meren, Franciscus</subfield>
      <subfield code="4">stu</subfield>
    </datafield>
    <datafield tag="700" ind1="1" ind2=" ">
      <subfield code="a">de Jode, Pieter</subfield>
      <subfield code="b">II</subfield>
      <subfield code="d">1606-after 1674</subfield>
      <subfield code="g">Flemish painter, draftsman, printer, printmaker</subfield>
      <subfield code="4">egr</subfield>
    </datafield>
    <datafield tag="700" ind1="1" ind2=" ">
      <subfield code="a">Bouttats, Frederik</subfield>
      <subfield code="b">the younger</subfield>
      <subfield code="d">1610-1676</subfield>
      <subfield code="4">egr</subfield>
    </datafield>
    <datafield tag="700" ind1="1" ind2=" ">
      <subfield code="a">van Merlen, Theodor Joannes</subfield>
      <subfield code="b">II</subfield>
      <subfield code="d">1609-1672</subfield>
      <subfield code="4">egr</subfield>
    </datafield>
    <datafield tag="700" ind1="1" ind2=" ">
      <subfield code="a">Boel, Quirinus</subfield>
      <subfield code="d">1622-1688</subfield>
      <subfield code="4">egr</subfield>
    </datafield>
    <datafield tag="700" ind1="1" ind2=" ">
      <subfield code="a">Gosin, Jacobus</subfield>
      <subfield code="4">egr</subfield>
    </datafield>
    <datafield tag="830" ind1=" " ind2="0">
      <subfield code="a">Topica</subfield>
    </datafield>
    <datafield tag="830" ind1=" " ind2="0">
      <subfield code="a">Prooemium in physicam</subfield>
    </datafield>
    <datafield tag="830" ind1=" " ind2="0">
      <subfield code="a">Prooemium in metaphysicam</subfield>
    </datafield>
    <datafield tag="830" ind1=" " ind2="0">
      <subfield code="a">Prooemium in logicam</subfield>
    </datafield>
    <datafield tag="830" ind1=" " ind2="0">
      <subfield code="a">Prolegomena philosophiae</subfield>
    </datafield>
    <datafield tag="830" ind1=" " ind2="0">
      <subfield code="a">Peri hermeneias</subfield>
    </datafield>
    <datafield tag="830" ind1=" " ind2="0">
      <subfield code="a">Meteorologica</subfield>
    </datafield>
    <datafield tag="830" ind1=" " ind2="0">
      <subfield code="a">De voce</subfield>
    </datafield>
    <datafield tag="830" ind1=" " ind2="0">
      <subfield code="a">De substantia</subfield>
    </datafield>
    <datafield tag="830" ind1=" " ind2="0">
      <subfield code="a">De sphaera</subfield>
    </datafield>
    <datafield tag="830" ind1=" " ind2="0">
      <subfield code="a">De signo</subfield>
    </datafield>
    <datafield tag="830" ind1=" " ind2="0">
      <subfield code="a">De motu</subfield>
    </datafield>
    <datafield tag="830" ind1=" " ind2="0">
      <subfield code="a">De interpretatione</subfield>
    </datafield>
    <datafield tag="830" ind1=" " ind2="0">
      <subfield code="a">De instrumentis sciendi</subfield>
    </datafield>
    <datafield tag="830" ind1=" " ind2="0">
      <subfield code="a">De forma substantiali</subfield>
    </datafield>
    <datafield tag="830" ind1=" " ind2="0">
      <subfield code="a">De ente</subfield>
    </datafield>
    <datafield tag="830" ind1=" " ind2="0">
      <subfield code="a">De elementis</subfield>
    </datafield>
    <datafield tag="830" ind1=" " ind2="0">
      <subfield code="a">De corpore naturali</subfield>
    </datafield>
    <datafield tag="830" ind1=" " ind2="0">
      <subfield code="a">De corpore inanimato</subfield>
    </datafield>
    <datafield tag="830" ind1=" " ind2="0">
      <subfield code="a">De causis</subfield>
    </datafield>
    <datafield tag="830" ind1=" " ind2="0">
      <subfield code="a">De caelo</subfield>
    </datafield>
    <datafield tag="830" ind1=" " ind2="0">
      <subfield code="a">De anima</subfield>
    </datafield>
    <datafield tag="830" ind1=" " ind2="0">
      <subfield code="a">Analytica priora</subfield>
    </datafield>
    <datafield tag="856" ind1="4" ind2="0">
      <subfield code="u">http://resolver.lias.be/get_pid?view&amp;usagetype=VIEW_MAIN,VIEW&amp;pid=3112271</subfield>
      <subfield code="y">Online version in LIAS</subfield>
    </datafield>
    <datafield tag="856" ind1="4" ind2="0">
      <subfield code="u">http://resolver.lias.be/get_pid?view&amp;usagetype=VIEW_MAIN,VIEW&amp;pid=780396</subfield>
      <subfield code="y">Online version in LIAS</subfield>
    </datafield>
    <datafield tag="852" ind1=" " ind2=" ">
      <subfield code="8">22317897300001488</subfield>
      <subfield code="b">BIBC</subfield>
      <subfield code="c">BRES</subfield>
      <subfield code="h">Ms. 260</subfield>
    </datafield>
    <datafield tag="900" ind1=" " ind2=" ">
      <subfield code="a">CONSOLIDATED RECORD</subfield>
      <subfield code="b">KU Leuven</subfield>
    </datafield>
    <datafield tag="950" ind1=" " ind2=" ">
      <subfield code="a">numerous small</subfield>
      <subfield code="b">pen drawing(s)</subfield>
    </datafield>
    <datafield tag="950" ind1=" " ind2=" ">
      <subfield code="a">f. 1v, 94r, 123v, 127v, 128v, 129r, 133r, 140v, 167v, 184v, 190v, 207v, 234v, 237r, 293v, 306v, 322r, 344v, 348r, 348v, 435r, 470v, 494v, 517v, 526r, 535r, 535v, 558v, 566r, 576r, 585v, 589v, 593v, 603r, 619r, 619v, 625v, 631r, 642r, 651r, 667r : page with ornamental</subfield>
      <subfield code="b">initials</subfield>
    </datafield>
    <datafield tag="950" ind1=" " ind2=" ">
      <subfield code="a">f. 94v :</subfield>
      <subfield code="b">pen drawing(s)</subfield>
      <subfield code="c">flowers</subfield>
    </datafield>
    <datafield tag="950" ind1=" " ind2=" ">
      <subfield code="a">f. 126r :</subfield>
      <subfield code="b">pen drawing(s)</subfield>
      <subfield code="c">a carafe (filled with text), a beer mug, a beer glass (?), 2 pipes</subfield>
    </datafield>
    <datafield tag="950" ind1=" " ind2=" ">
      <subfield code="a">f. 126v :</subfield>
      <subfield code="b">pen drawing(s)</subfield>
      <subfield code="c">Circle with chronogram</subfield>
    </datafield>
    <datafield tag="950" ind1=" " ind2=" ">
      <subfield code="a">f. 132v:</subfield>
      <subfield code="b">portrait(s)</subfield>
      <subfield code="c">Philippvs IV D.G. Hispaniarũ et Indiarvm rex et.c. (Petrus de Iode Sculp.)</subfield>
    </datafield>
    <datafield tag="950" ind1=" " ind2=" ">
      <subfield code="a">f. 141r : engraved   $$  portrait(s)</subfield>
      <subfield code="c">Maria Anna Avstriaca Hispaniarvm regina vnica Ferdinandi III filia</subfield>
    </datafield>
    <datafield tag="950" ind1=" " ind2=" ">
      <subfield code="a">f. 184v :</subfield>
      <subfield code="b">pen drawing(s)</subfield>
      <subfield code="c">dragonfly, man with hat with text &quot;Mennekens&quot;, man with mitre, tulip, butterfly</subfield>
    </datafield>
    <datafield tag="950" ind1=" " ind2=" ">
      <subfield code="a">f. 185r : engraved</subfield>
      <subfield code="b">portrait(s)</subfield>
      <subfield code="c">Maria Teresa Philippi IV. hispaniarum Regis Filia. etc. (Fred Bouttats fe T. v. Merlen ex. / Th van Merlen excud. Antverpiæ)</subfield>
    </datafield>
    <datafield tag="950" ind1=" " ind2=" ">
      <subfield code="a">f. 208r : engraved</subfield>
      <subfield code="b">portrait(s)</subfield>
      <subfield code="c">Clara Clementia Borbonii principis Condœi Vxor. etc. (Fred' Bouttats sculp. T v Merlen ex. / The van Merlen excud. Antverpiæ)</subfield>
    </datafield>
    <datafield tag="950" ind1=" " ind2=" ">
      <subfield code="a">f. 292r :</subfield>
      <subfield code="b">pen drawing(s)</subfield>
      <subfield code="c">tower and merlons</subfield>
    </datafield>
    <datafield tag="950" ind1=" " ind2=" ">
      <subfield code="a">f. 294r :</subfield>
      <subfield code="b">pen drawing(s)</subfield>
      <subfield code="c">chapel on a bank, fortified town at the other side of the river</subfield>
    </datafield>
    <datafield tag="950" ind1=" " ind2=" ">
      <subfield code="a">f. 467v :</subfield>
      <subfield code="b">pen drawing(s)</subfield>
      <subfield code="c">pierced and burning heart, 4 birds, beer mug, glass, pipe, 2 playing cards</subfield>
    </datafield>
    <datafield tag="950" ind1=" " ind2=" ">
      <subfield code="a">f. 468r :</subfield>
      <subfield code="b">pen drawing(s)</subfield>
      <subfield code="c">tankard of beer filled with text</subfield>
    </datafield>
    <datafield tag="950" ind1=" " ind2=" ">
      <subfield code="a">f. 468v :</subfield>
      <subfield code="b">pen drawing(s)</subfield>
      <subfield code="c">3 circles with text &quot;IHS&quot;</subfield>
    </datafield>
    <datafield tag="950" ind1=" " ind2=" ">
      <subfield code="a">f. 469r :</subfield>
      <subfield code="b">engraving(s)</subfield>
      <subfield code="c">Sphera mvndi (Q. Boel.fecit. Iacobus Gosin excu.)</subfield>
    </datafield>
    <datafield tag="950" ind1=" " ind2=" ">
      <subfield code="a">f. 491r :</subfield>
      <subfield code="b">pen drawing(s)</subfield>
      <subfield code="c">&quot;goede herberch te voet ende te peert&quot; with tulip, dragonfly, insect</subfield>
    </datafield>
    <datafield tag="950" ind1=" " ind2=" ">
      <subfield code="a">f. 575v :</subfield>
      <subfield code="b">pen drawing(s)</subfield>
      <subfield code="c">tower and merlons</subfield>
    </datafield>
    <datafield tag="950" ind1=" " ind2=" ">
      <subfield code="a">Pasted on f. 575v :</subfield>
      <subfield code="b">engraving(s)</subfield>
      <subfield code="c">salamander</subfield>
    </datafield>
    <datafield tag="950" ind1=" " ind2=" ">
      <subfield code="a">f. 589r :</subfield>
      <subfield code="b">pen drawing(s)</subfield>
      <subfield code="c">landscape with flowers, birds, a three and a chapel</subfield>
    </datafield>
    <datafield tag="950" ind1=" " ind2=" ">
      <subfield code="a">Pasted on f. 589r :</subfield>
      <subfield code="b">engraving(s)</subfield>
      <subfield code="c">bee</subfield>
    </datafield>
    <datafield tag="950" ind1=" " ind2=" ">
      <subfield code="a">f. 600r :</subfield>
      <subfield code="b">pen drawing(s)</subfield>
      <subfield code="c">sun</subfield>
    </datafield>
    <datafield tag="950" ind1=" " ind2=" ">
      <subfield code="a">f. 602v :</subfield>
      <subfield code="b">pen drawing(s)</subfield>
      <subfield code="c">butterfly and flowers</subfield>
    </datafield>
    <datafield tag="950" ind1=" " ind2=" ">
      <subfield code="a">f. 605r :</subfield>
      <subfield code="b">pen drawing(s)</subfield>
      <subfield code="c">circle with chronogram</subfield>
    </datafield>
    <datafield tag="950" ind1=" " ind2=" ">
      <subfield code="a">f. 606r :</subfield>
      <subfield code="b">pen drawing(s)</subfield>
      <subfield code="c">orb with chronogram inside</subfield>
    </datafield>
    <datafield tag="950" ind1=" " ind2=" ">
      <subfield code="a">f. 670r :</subfield>
      <subfield code="b">pen drawing(s)</subfield>
      <subfield code="c">profile o a man's head</subfield>
    </datafield>
    <datafield tag="952" ind1=" " ind2=" ">
      <subfield code="d">Leuven (Louvain)</subfield>
      <subfield code="e">Pedagogie Het Varken</subfield>
      <subfield code="0">(ODIS-ORG)35504</subfield>
      <subfield code="f">Faculty of Arts, Paedagogium Porci</subfield>
    </datafield>
    <datafield tag="953" ind1=" " ind2=" ">
      <subfield code="b">1501-1600</subfield>
    </datafield>
    <datafield tag="996" ind1=" " ind2=" ">
      <subfield code="a">BIBC</subfield>
      <subfield code="b">physical</subfield>
      <subfield code="c">201509</subfield>
      <subfield code="d">Lectio Magister dixit</subfield>
    </datafield>
  </record>