
  <record>
    <leader>08383ntm a2201477u  4500</leader>
    <controlfield tag="001">998296080101488</controlfield>
    <controlfield tag="005">20151221075414.0</controlfield>
    <controlfield tag="008">870305s1761    xx |||| |     000|0 lat c</controlfield>
    <datafield tag="035" ind1=" " ind2=" ">
      <subfield code="a">(BeLVLBS)000829608LBS01-Aleph</subfield>
    </datafield>
    <datafield tag="035" ind1=" " ind2=" ">
      <subfield code="a">2094602</subfield>
    </datafield>
    <datafield tag="035" ind1=" " ind2=" ">
      <subfield code="a">(EXLNZ-32KUL_LIBIS_NETWORK)998296080101471</subfield>
    </datafield>
    <datafield tag="245" ind1="0" ind2="0">
      <subfield code="a">Logica.</subfield>
    </datafield>
    <datafield tag="246" ind1="1" ind2="3">
      <subfield code="a">Logica dictata ab eruditissimo DD: Van Horick et partim â Doctissimo DD: Thijsbaert scripta vero â ioanne Dũmon alostiano anno 1761.</subfield>
    </datafield>
    <datafield tag="260" ind1=" " ind2=" ">
      <subfield code="c">1761.</subfield>
    </datafield>
    <datafield tag="300" ind1=" " ind2=" ">
      <subfield code="a">301 f.</subfield>
      <subfield code="c">210 x 165 mm.</subfield>
    </datafield>
    <datafield tag="300" ind1=" " ind2=" ">
      <subfield code="a">Brown calf binding ; gold tooled spine with title &quot;Logica&quot;</subfield>
    </datafield>
    <datafield tag="336" ind1=" " ind2=" ">
      <subfield code="a">text</subfield>
      <subfield code="2">rdacontent</subfield>
    </datafield>
    <datafield tag="337" ind1=" " ind2=" ">
      <subfield code="a">unmediated</subfield>
      <subfield code="2">rdamedia</subfield>
    </datafield>
    <datafield tag="338" ind1=" " ind2=" ">
      <subfield code="a">volume</subfield>
      <subfield code="2">rdacarrier</subfield>
    </datafield>
    <datafield tag="340" ind1=" " ind2=" ">
      <subfield code="e">Paper</subfield>
    </datafield>
    <datafield tag="351" ind1=" " ind2=" ">
      <subfield code="a">Band in bruin schaapsleder ; goud gestempelde rug met titel &quot;Logica&quot;.</subfield>
    </datafield>
    <datafield tag="500" ind1=" " ind2=" ">
      <subfield code="a">2 colophons</subfield>
    </datafield>
    <datafield tag="500" ind1=" " ind2=" ">
      <subfield code="a">Colophon on p. 539 reads : Finis</subfield>
    </datafield>
    <datafield tag="500" ind1=" " ind2=" ">
      <subfield code="a">Colophon on p. 580 reads : ad maiorem dei deiparæque gloriam et honorem 1761</subfield>
    </datafield>
    <datafield tag="505" ind1="0" ind2=" ">
      <subfield code="a">Prima pars Logicae</subfield>
    </datafield>
    <datafield tag="505" ind1="0" ind2=" ">
      <subfield code="a">* Proemium</subfield>
      <subfield code="g">f. 1r3r</subfield>
    </datafield>
    <datafield tag="505" ind1="0" ind2=" ">
      <subfield code="a">* Tractatus primus De ideis</subfield>
      <subfield code="g">f. 3v-39v</subfield>
    </datafield>
    <datafield tag="505" ind1="0" ind2=" ">
      <subfield code="a">** Paragraphus primus De idearum natura</subfield>
      <subfield code="g">f.  3v-14v</subfield>
    </datafield>
    <datafield tag="505" ind1="0" ind2=" ">
      <subfield code="a">** Paragraphus secundus De origine idearum</subfield>
      <subfield code="g">f. 14v-20v</subfield>
    </datafield>
    <datafield tag="505" ind1="0" ind2=" ">
      <subfield code="a">** Paragraphus tertius De variis idearum divisionibus</subfield>
      <subfield code="g">f. 20v26r</subfield>
    </datafield>
    <datafield tag="505" ind1="0" ind2=" ">
      <subfield code="a">** Paragraphus quartus De objectis idearum et de praedicamentis</subfield>
      <subfield code="g">f. 26r-31v</subfield>
    </datafield>
    <datafield tag="505" ind1="0" ind2=" ">
      <subfield code="a">** Paragraphus quintus De distinctione inter duas res</subfield>
      <subfield code="g">f. 31r-39v</subfield>
    </datafield>
    <datafield tag="505" ind1="0" ind2=" ">
      <subfield code="a">* Tractatus secundus De judicio</subfield>
      <subfield code="g">f. 39v-64v</subfield>
    </datafield>
    <datafield tag="505" ind1="0" ind2=" ">
      <subfield code="a">** Paragraphus primus De natura judicii</subfield>
      <subfield code="g">f. 40r-44r</subfield>
    </datafield>
    <datafield tag="505" ind1="0" ind2=" ">
      <subfield code="a">** Paragraphus secundus De motivo judicii</subfield>
      <subfield code="g">f. 44r-47v</subfield>
    </datafield>
    <datafield tag="505" ind1="0" ind2=" ">
      <subfield code="a">** Paragraphus tertius De affectionibus respectivis enuntiationum</subfield>
      <subfield code="g">f. 49r-51r</subfield>
    </datafield>
    <datafield tag="505" ind1="0" ind2=" ">
      <subfield code="a">** Paragraphus quartus De variis speciebus assensuum</subfield>
      <subfield code="g">f. 51v-63v</subfield>
    </datafield>
    <datafield tag="505" ind1="0" ind2=" ">
      <subfield code="a">** Paragraphus ultimus De erroribus eorumque remediis</subfield>
      <subfield code="g">f. 63v-64v</subfield>
    </datafield>
    <datafield tag="505" ind1="0" ind2=" ">
      <subfield code="a">* Tractatus tertius De discursu</subfield>
      <subfield code="g">f. 65r-95r</subfield>
    </datafield>
    <datafield tag="505" ind1="0" ind2=" ">
      <subfield code="a">** Paragraphus primus Quid sit discursus</subfield>
      <subfield code="g">f. 65r-66r</subfield>
    </datafield>
    <datafield tag="505" ind1="0" ind2=" ">
      <subfield code="a">** Paragraphus secundus De argumentatione</subfield>
      <subfield code="g">f. 66v-68r</subfield>
    </datafield>
    <datafield tag="505" ind1="0" ind2=" ">
      <subfield code="a">** Paragraphus tertius De syllogismo</subfield>
      <subfield code="g">f. 68r-72v</subfield>
    </datafield>
    <datafield tag="505" ind1="0" ind2=" ">
      <subfield code="a">** Paragraphus quartus De figuris et modis syllogisticis</subfield>
      <subfield code="g">f72v-75r</subfield>
    </datafield>
    <datafield tag="505" ind1="0" ind2=" ">
      <subfield code="a">** Paragraphus quintus De reductione syllogismorum imperfectorum ad perfectos</subfield>
      <subfield code="g">f. 75r-77r</subfield>
    </datafield>
    <datafield tag="505" ind1="0" ind2=" ">
      <subfield code="a">** Paragraphus sextus De syllogismis compositis</subfield>
      <subfield code="g">f. 77r-79v</subfield>
    </datafield>
    <datafield tag="505" ind1="0" ind2=" ">
      <subfield code="a">** Paragraphus septimus Reliquae species argumentationis formalis enthymema</subfield>
      <subfield code="g">f. 79v-85r</subfield>
    </datafield>
    <datafield tag="505" ind1="0" ind2=" ">
      <subfield code="a">** Paragraphus ultimus De sophismatibus</subfield>
      <subfield code="g">f. 85r-95r</subfield>
    </datafield>
    <datafield tag="505" ind1="0" ind2=" ">
      <subfield code="a">* Quaestiones ad Tractatum De ideis</subfield>
      <subfield code="g">f. 95r-105v</subfield>
    </datafield>
    <datafield tag="505" ind1="0" ind2=" ">
      <subfield code="a">* Quaestiones De judicio</subfield>
      <subfield code="g">f. 105v-126v</subfield>
    </datafield>
    <datafield tag="505" ind1="0" ind2=" ">
      <subfield code="a">Secunda pars logicae seu logica sermocinalis</subfield>
    </datafield>
    <datafield tag="505" ind1="0" ind2=" ">
      <subfield code="a">* Proemium</subfield>
      <subfield code="g">f. 128r</subfield>
    </datafield>
    <datafield tag="505" ind1="0" ind2=" ">
      <subfield code="a">* Tractatus primus De instrumentis sciendi</subfield>
      <subfield code="g">f. 128r-141r</subfield>
    </datafield>
    <datafield tag="505" ind1="0" ind2=" ">
      <subfield code="a">** Paragraphus primus De definitione</subfield>
      <subfield code="g">f.128v-132v</subfield>
    </datafield>
    <datafield tag="505" ind1="0" ind2=" ">
      <subfield code="a">** Paragraphus secundus De divisione</subfield>
      <subfield code="g">f. 132v-135r</subfield>
    </datafield>
    <datafield tag="505" ind1="0" ind2=" ">
      <subfield code="a">** Paragraphus tertius De argumentatione</subfield>
      <subfield code="g">f. 135r-136v</subfield>
    </datafield>
    <datafield tag="505" ind1="0" ind2=" ">
      <subfield code="a">** Paragraphus quartus De disputatione</subfield>
      <subfield code="g">f. 136v-141r</subfield>
    </datafield>
    <datafield tag="505" ind1="0" ind2=" ">
      <subfield code="a">* Tractatus primus De signis in genere ac specialiter de vocibus earumque affectionibus</subfield>
      <subfield code="g">f. 141v-182v</subfield>
    </datafield>
    <datafield tag="505" ind1="0" ind2=" ">
      <subfield code="a">** Caput primum De signis in genere</subfield>
      <subfield code="g">f. 141v-147v</subfield>
    </datafield>
    <datafield tag="505" ind1="0" ind2=" ">
      <subfield code="a">*** Paragraphus primus Quid est signum?</subfield>
      <subfield code="g">141v-143r</subfield>
    </datafield>
    <datafield tag="505" ind1="0" ind2=" ">
      <subfield code="a">*** Paragraphus secundus Quotuplex signum</subfield>
      <subfield code="g">f. 143r-147v</subfield>
    </datafield>
    <datafield tag="505" ind1="0" ind2=" ">
      <subfield code="a">** Caput secundum De vocibus variisque earum divisionibus</subfield>
      <subfield code="g">147v-165v</subfield>
    </datafield>
    <datafield tag="505" ind1="0" ind2=" ">
      <subfield code="a">*** Paragraphus primus De voce generatim</subfield>
      <subfield code="g">f. 147v-149r</subfield>
    </datafield>
    <datafield tag="505" ind1="0" ind2=" ">
      <subfield code="a">*** Paragraphus secundus Quotuplex scatum vocis</subfield>
      <subfield code="g">f. 149r153r</subfield>
    </datafield>
    <datafield tag="505" ind1="0" ind2=" ">
      <subfield code="a">*** Paragraphus tertius Quotuplex sit vox scativa ac prius de voce univoca et aequivoca</subfield>
      <subfield code="g">f. 153r-165v</subfield>
    </datafield>
    <datafield tag="505" ind1="0" ind2=" ">
      <subfield code="a">** Caput tertium De affectionibus vocum</subfield>
      <subfield code="g">f. 165v-182v</subfield>
    </datafield>
    <datafield tag="505" ind1="0" ind2=" ">
      <subfield code="a">*** Paragraphus primus De acceptione vocis variisque acceptionis speciebus</subfield>
      <subfield code="g">f. 166r-178r</subfield>
    </datafield>
    <datafield tag="505" ind1="0" ind2=" ">
      <subfield code="a">*** Paragraphus secundus De statu vocis</subfield>
      <subfield code="g">f. 178r-179v</subfield>
    </datafield>
    <datafield tag="505" ind1="0" ind2=" ">
      <subfield code="a">*** Paragraphus tertius De distractione vocis</subfield>
      <subfield code="g">f. 179v-181v</subfield>
    </datafield>
    <datafield tag="505" ind1="0" ind2=" ">
      <subfield code="a">*** Paragraphus quartus De ampliatione vocis</subfield>
      <subfield code="g">f. 181v-182v</subfield>
    </datafield>
    <datafield tag="505" ind1="0" ind2=" ">
      <subfield code="a">* Tractatus secundus De enuntiatione</subfield>
      <subfield code="g">f.  182v-265v</subfield>
    </datafield>
    <datafield tag="505" ind1="0" ind2=" ">
      <subfield code="a">** Caput primum De natura enuntiationis ejusque divisionibus</subfield>
      <subfield code="g">f. 183r-205v</subfield>
    </datafield>
    <datafield tag="505" ind1="0" ind2=" ">
      <subfield code="a">*** Paragraphus primus Quaedam premittuntur de oratione</subfield>
      <subfield code="g">f. 183r-184v</subfield>
    </datafield>
    <datafield tag="505" ind1="0" ind2=" ">
      <subfield code="a">*** Paragraphus secundus De enuntiatione ejusque partibus</subfield>
      <subfield code="g">f. 184v-186r</subfield>
    </datafield>
    <datafield tag="505" ind1="0" ind2=" ">
      <subfield code="a">*** Paragraphus tertius De veritate et fasitate item de veracitate et mendacitate enuntiationis</subfield>
      <subfield code="g">f. 186r-188v</subfield>
    </datafield>
    <datafield tag="505" ind1="0" ind2=" ">
      <subfield code="a">*** Paragraphus quartus De propositionum qualitate quantitate et subalternatione, item oppositione et aequipolentia juxta antiquos</subfield>
      <subfield code="g">f. 188v-190v</subfield>
    </datafield>
    <datafield tag="505" ind1="0" ind2=" ">
      <subfield code="a">*** Paragraphus quintus De propositionum illatione juxta antiquos</subfield>
      <subfield code="g">f. 190v-193v</subfield>
    </datafield>
    <datafield tag="505" ind1="0" ind2=" ">
      <subfield code="a">*** Paragraphus sextus Quaedam reflectiones super oppositione aequipollentia et rantia propositionum</subfield>
      <subfield code="g">f. 193v-196r</subfield>
    </datafield>
    <datafield tag="505" ind1="0" ind2=" ">
      <subfield code="a">*** Paragraphus septimus Quaedam reflectiones super qualitate et quantitate propositionum</subfield>
      <subfield code="g">f. 196r-200v</subfield>
    </datafield>
    <datafield tag="505" ind1="0" ind2=" ">
      <subfield code="a">*** Paragraphus octavus De propositione ō quanta</subfield>
      <subfield code="g">f. 200v-202r</subfield>
    </datafield>
    <datafield tag="505" ind1="0" ind2=" ">
      <subfield code="a">*** Paragraphus nonus De divisione propositionis in necessariam impossibilem et contingentem</subfield>
      <subfield code="g">f. 202v-203v</subfield>
    </datafield>
    <datafield tag="505" ind1="0" ind2=" ">
      <subfield code="a">*** Paragraphus decimus De divisione propositionis in formalem et non formalem</subfield>
      <subfield code="g">f. 204r-205r</subfield>
    </datafield>
    <datafield tag="505" ind1="0" ind2=" ">
      <subfield code="a">** Caput secundum Theses aliquae de veritate, veracitate &amp; propositionum</subfield>
      <subfield code="g">f. 205v-245v</subfield>
    </datafield>
    <datafield tag="505" ind1="0" ind2=" ">
      <subfield code="a">** Caput tertium De enuntiationibus complexis et compositis</subfield>
      <subfield code="g">f. 245v-265v</subfield>
    </datafield>
    <datafield tag="505" ind1="0" ind2=" ">
      <subfield code="a">*** Paragraphus primus De propositionibus complexis</subfield>
      <subfield code="g">f. 245v-250v</subfield>
    </datafield>
    <datafield tag="505" ind1="0" ind2=" ">
      <subfield code="a">*** Paragraphus secundus De enuntiationibus compositis ac primo de explicite compositis</subfield>
      <subfield code="g">f. 250v-255r</subfield>
    </datafield>
    <datafield tag="505" ind1="0" ind2=" ">
      <subfield code="a">*** Paragraphus tertius De enuntiationibus sensu compositis sive exponibilibus</subfield>
      <subfield code="g">f. 255r-265v</subfield>
    </datafield>
    <datafield tag="505" ind1="0" ind2=" ">
      <subfield code="a">* Tractatus ultimus De argumentatione naturali seu topica</subfield>
      <subfield code="g">f. 265v-281r</subfield>
    </datafield>
    <datafield tag="505" ind1="0" ind2=" ">
      <subfield code="a">** Caput primum De quinque locis topicis magis famosis</subfield>
      <subfield code="g">f. 265v-266v</subfield>
    </datafield>
    <datafield tag="505" ind1="0" ind2=" ">
      <subfield code="a">*** Paragraphus primus De loco a [... ]bilibus</subfield>
      <subfield code="g">f. 267r-268v</subfield>
    </datafield>
    <datafield tag="505" ind1="0" ind2=" ">
      <subfield code="a">*** Paragraphus secundus De loco â genere ad speciem</subfield>
      <subfield code="g">f. 268v-270v</subfield>
    </datafield>
    <datafield tag="505" ind1="0" ind2=" ">
      <subfield code="a">*** Paragraphus tertius De loco a specie ad genus</subfield>
      <subfield code="g">f. 270v-272v</subfield>
    </datafield>
    <datafield tag="505" ind1="0" ind2=" ">
      <subfield code="a">*** Paragraphus quartus De loco ab excedentibus</subfield>
      <subfield code="g">f. 272v-274r</subfield>
    </datafield>
    <datafield tag="505" ind1="0" ind2=" ">
      <subfield code="a">*** Paragraphus quintus De loco â rantibus</subfield>
      <subfield code="g">f. 274r-275r</subfield>
    </datafield>
    <datafield tag="505" ind1="0" ind2=" ">
      <subfield code="a">** Caput secundum De locis topicis minus famosis</subfield>
      <subfield code="g">f. 275r-281r</subfield>
    </datafield>
    <datafield tag="505" ind1="0" ind2=" ">
      <subfield code="a">*** Paragraphus primus De loco â contradictoriis</subfield>
      <subfield code="g">f. 275r-277r</subfield>
    </datafield>
    <datafield tag="505" ind1="0" ind2=" ">
      <subfield code="a">*** Paragraphus secundus De loco a potentia ad actum et e contra</subfield>
      <subfield code="g">f. 277r-277v</subfield>
    </datafield>
    <datafield tag="505" ind1="0" ind2=" ">
      <subfield code="a">*** Paragraphus tertius De loco â divisis ad conjuncta et e contra</subfield>
      <subfield code="g">f. 277v-279v</subfield>
    </datafield>
    <datafield tag="505" ind1="0" ind2=" ">
      <subfield code="a">*** Paragraphus ultimus De locis a comparatione</subfield>
      <subfield code="g">f. 279v-281r</subfield>
    </datafield>
    <datafield tag="505" ind1="0" ind2=" ">
      <subfield code="a">* Quaestiones ad materiam de signis, vocibus, variisque earum acceptionibus et affectionibus</subfield>
      <subfield code="g">f. 282r-301v</subfield>
    </datafield>
    <datafield tag="546" ind1=" " ind2=" ">
      <subfield code="a">Latin</subfield>
    </datafield>
    <datafield tag="653" ind1=" " ind2="6">
      <subfield code="a">Manuscripts</subfield>
    </datafield>
    <datafield tag="653" ind1=" " ind2="6">
      <subfield code="a">Lecture notes</subfield>
    </datafield>
    <datafield tag="700" ind1="1" ind2=" ">
      <subfield code="a">Van Horick, Andreas</subfield>
      <subfield code="d">†1769</subfield>
      <subfield code="4">pfs</subfield>
    </datafield>
    <datafield tag="700" ind1="1" ind2=" ">
      <subfield code="a">Thijsbaert, Franciscus Joannes</subfield>
      <subfield code="d">1735-1825</subfield>
      <subfield code="4">pfs</subfield>
    </datafield>
    <datafield tag="700" ind1="1" ind2=" ">
      <subfield code="a">du Mont, Joannes</subfield>
      <subfield code="d">18th c.</subfield>
      <subfield code="4">stu</subfield>
    </datafield>
    <datafield tag="830" ind1=" " ind2="0">
      <subfield code="a">Topica</subfield>
    </datafield>
    <datafield tag="830" ind1=" " ind2="0">
      <subfield code="a">Prooemium in Logicam</subfield>
    </datafield>
    <datafield tag="830" ind1=" " ind2="0">
      <subfield code="a">De vocibus</subfield>
    </datafield>
    <datafield tag="830" ind1=" " ind2="0">
      <subfield code="a">De signo</subfield>
    </datafield>
    <datafield tag="830" ind1=" " ind2="0">
      <subfield code="a">De iudicio</subfield>
    </datafield>
    <datafield tag="830" ind1=" " ind2="0">
      <subfield code="a">De instrumentis sciendi</subfield>
    </datafield>
    <datafield tag="830" ind1=" " ind2="0">
      <subfield code="a">De ideis</subfield>
    </datafield>
    <datafield tag="830" ind1=" " ind2="0">
      <subfield code="a">De enuntiatione</subfield>
    </datafield>
    <datafield tag="830" ind1=" " ind2="0">
      <subfield code="a">De divisione</subfield>
    </datafield>
    <datafield tag="830" ind1=" " ind2="0">
      <subfield code="a">De discursu</subfield>
    </datafield>
    <datafield tag="830" ind1=" " ind2="0">
      <subfield code="a">De definitione</subfield>
    </datafield>
    <datafield tag="830" ind1=" " ind2="0">
      <subfield code="a">De argumentatione materiali</subfield>
    </datafield>
    <datafield tag="830" ind1=" " ind2="0">
      <subfield code="a">De argumentatione</subfield>
    </datafield>
    <datafield tag="830" ind1=" " ind2="0">
      <subfield code="a">De acceptionibus vocum</subfield>
    </datafield>
    <datafield tag="856" ind1="4" ind2="0">
      <subfield code="u">http://resolver.lias.be/get_pid?view&amp;usagetype=VIEW_MAIN,VIEW&amp;pid=3080807</subfield>
      <subfield code="y">Online version in LIAS</subfield>
    </datafield>
    <datafield tag="856" ind1="4" ind2="0">
      <subfield code="u">http://resolver.lias.be/get_pid?view&amp;usagetype=VIEW_MAIN,VIEW&amp;pid=776740</subfield>
      <subfield code="y">Online version in LIAS</subfield>
    </datafield>
    <datafield tag="852" ind1=" " ind2=" ">
      <subfield code="8">22280032600001488</subfield>
      <subfield code="b">BIBC</subfield>
      <subfield code="c">BRES</subfield>
      <subfield code="h">Ms. 236</subfield>
    </datafield>
    <datafield tag="900" ind1=" " ind2=" ">
      <subfield code="a">CONSOLIDATED RECORD</subfield>
      <subfield code="b">KU Leuven</subfield>
    </datafield>
    <datafield tag="950" ind1=" " ind2=" ">
      <subfield code="a">title page :</subfield>
      <subfield code="b">pen drawing(s)</subfield>
      <subfield code="c">castle, flower, snail</subfield>
    </datafield>
    <datafield tag="952" ind1=" " ind2=" ">
      <subfield code="d">Leuven (Louvain)</subfield>
      <subfield code="e">Pedagogie De Burcht</subfield>
      <subfield code="0">(ODIS-ORG)35503</subfield>
      <subfield code="f">Faculty of Arts, Paedagogium Castri</subfield>
    </datafield>
    <datafield tag="953" ind1=" " ind2=" ">
      <subfield code="b">1701-1800</subfield>
    </datafield>
    <datafield tag="996" ind1=" " ind2=" ">
      <subfield code="a">BIBC</subfield>
      <subfield code="b">physical</subfield>
      <subfield code="c">201509</subfield>
      <subfield code="d">Lectio Magister dixit</subfield>
    </datafield>
    <datafield tag="998" ind1=" " ind2=" ">
      <subfield code="a">LBS01</subfield>
      <subfield code="b">bib_200501.mrc.2.ai</subfield>
    </datafield>
  </record>