
  <record>
    <leader>08207ntm a2201309 u 4500</leader>
    <controlfield tag="001">9977654930101488</controlfield>
    <controlfield tag="005">20151221075417.0</controlfield>
    <controlfield tag="008">101215m17681769xx      |     000 0 lat c</controlfield>
    <datafield tag="035" ind1=" " ind2=" ">
      <subfield code="a">(BeLVLBS)007765493LBS01-Aleph</subfield>
    </datafield>
    <datafield tag="035" ind1=" " ind2=" ">
      <subfield code="a">(EXLNZ-32KUL_LIBIS_NETWORK)9977654930101471</subfield>
    </datafield>
    <datafield tag="245" ind1="0" ind2="0">
      <subfield code="a">Pars 2da logices. Ethica.</subfield>
    </datafield>
    <datafield tag="246" ind1="1" ind2="3">
      <subfield code="a">Pars secunda logices. Ethica</subfield>
    </datafield>
    <datafield tag="246" ind1="1" ind2="3">
      <subfield code="a">Logica sermocinalis et Ethica</subfield>
    </datafield>
    <datafield tag="260" ind1=" " ind2=" ">
      <subfield code="c">1768-1769.</subfield>
    </datafield>
    <datafield tag="300" ind1=" " ind2=" ">
      <subfield code="a">178 f.</subfield>
      <subfield code="c">192 x 160 mm.</subfield>
    </datafield>
    <datafield tag="300" ind1=" " ind2=" ">
      <subfield code="a">Cardboard binding ; half leather binding, spine with brown leather, boards with paper ; gold tooled spine with title  &quot;Logica sermoci[nalis] et Ethica&quot;.</subfield>
    </datafield>
    <datafield tag="336" ind1=" " ind2=" ">
      <subfield code="a">text</subfield>
      <subfield code="2">rdacontent</subfield>
    </datafield>
    <datafield tag="337" ind1=" " ind2=" ">
      <subfield code="a">unmediated</subfield>
      <subfield code="2">rdamedia</subfield>
    </datafield>
    <datafield tag="338" ind1=" " ind2=" ">
      <subfield code="a">volume</subfield>
      <subfield code="2">rdacarrier</subfield>
    </datafield>
    <datafield tag="340" ind1=" " ind2=" ">
      <subfield code="e">Paper</subfield>
    </datafield>
    <datafield tag="351" ind1=" " ind2=" ">
      <subfield code="a">Band in karton ; rug in bruin leder, platten met papier overtrokken ; goud gestempelde rug met titel &quot;Logica sermoci[nalis] et Ethica&quot;.</subfield>
    </datafield>
    <datafield tag="500" ind1=" " ind2=" ">
      <subfield code="a">2 colophons</subfield>
    </datafield>
    <datafield tag="500" ind1=" " ind2=" ">
      <subfield code="a">Colophon on f. 110 v reads : Finis Logicae Sermocinalis impositus die 28 aprilis anni 1769</subfield>
    </datafield>
    <datafield tag="500" ind1=" " ind2=" ">
      <subfield code="a">Colophon on f. 169v reads : Finis hujus tractatus seu ethices impositus die 12 maij anni 1769</subfield>
    </datafield>
    <datafield tag="505" ind1="0" ind2=" ">
      <subfield code="a">Pars secunda logices seu Logica sermocinalis dictata ab eruditissimo domino domino Petro Josepho Heylen philosophiae professore secundario in celeberrimo Falconis pedagogio lovanii. Scripsit Gaspar Josephus Michael Ullens Antverpiensis. Anno 1768 et 1769</subfield>
      <subfield code="g">f. 2r-123v</subfield>
    </datafield>
    <datafield tag="505" ind1="0" ind2=" ">
      <subfield code="a">* Tractatus primus De instrumendis sciendi et signis</subfield>
      <subfield code="g">f. 3r-49r</subfield>
    </datafield>
    <datafield tag="505" ind1="0" ind2=" ">
      <subfield code="a">** Caput primum De instrumentis sciendi</subfield>
      <subfield code="g">f. 3r-13v</subfield>
    </datafield>
    <datafield tag="505" ind1="0" ind2=" ">
      <subfield code="a">*** Paragraphus primus De definitione</subfield>
      <subfield code="g">f. 3r-7r</subfield>
    </datafield>
    <datafield tag="505" ind1="0" ind2=" ">
      <subfield code="a">*** Paragraphus secundus De divisione</subfield>
      <subfield code="g">f. 7v-9r</subfield>
    </datafield>
    <datafield tag="505" ind1="0" ind2=" ">
      <subfield code="a">*** Paragraphus tertius De argumentatione</subfield>
      <subfield code="g">f. 9r-13v</subfield>
    </datafield>
    <datafield tag="505" ind1="0" ind2=" ">
      <subfield code="a">** Caput secundum De signis et vocibus</subfield>
      <subfield code="g">f. 13v-20v</subfield>
    </datafield>
    <datafield tag="505" ind1="0" ind2=" ">
      <subfield code="a">*** Paragraphus primus De signis in genere</subfield>
      <subfield code="g">f. 13v-14v</subfield>
    </datafield>
    <datafield tag="505" ind1="0" ind2=" ">
      <subfield code="a">*** Paragraphus secundus De divisione signorum</subfield>
      <subfield code="g">f. 14v-18v</subfield>
    </datafield>
    <datafield tag="505" ind1="0" ind2=" ">
      <subfield code="a">*** Paragraphus tertius Quando liceat nomen rei signifactae tribuere signo</subfield>
      <subfield code="g">f. 18v-20v</subfield>
    </datafield>
    <datafield tag="505" ind1="0" ind2=" ">
      <subfield code="a">** Caput tertium De vocibus, earum significatis et divisionibus</subfield>
      <subfield code="g">f. 20v-34v</subfield>
    </datafield>
    <datafield tag="505" ind1="0" ind2=" ">
      <subfield code="a">*** Paragraphus primus De voce generatim</subfield>
      <subfield code="g">f. 20v-21v</subfield>
    </datafield>
    <datafield tag="505" ind1="0" ind2=" ">
      <subfield code="a">*** Paragraphus secundus De scriptura</subfield>
      <subfield code="g">f. 21v-22r</subfield>
    </datafield>
    <datafield tag="505" ind1="0" ind2=" ">
      <subfield code="a">*** Paragraphus tertius De significatis vocum</subfield>
      <subfield code="g">f. 22r-26v</subfield>
    </datafield>
    <datafield tag="505" ind1="0" ind2=" ">
      <subfield code="a">*** Paragraphus quartus De habitudinibus vocum</subfield>
      <subfield code="g">f. 26v-27v</subfield>
    </datafield>
    <datafield tag="505" ind1="0" ind2=" ">
      <subfield code="a">*** Paragraphus quintus De variis divisionibus vocum et</subfield>
      <subfield code="g">f. 27v-34v</subfield>
    </datafield>
    <datafield tag="505" ind1="0" ind2=" ">
      <subfield code="a">** Caput quartum De affectionibus vocum</subfield>
      <subfield code="g">f. 34v-49r</subfield>
    </datafield>
    <datafield tag="505" ind1="0" ind2=" ">
      <subfield code="a">*** Paragraphus primus De acceptione vocis, variisque acceptionis speciebus</subfield>
      <subfield code="g">f. 35r-45r</subfield>
    </datafield>
    <datafield tag="505" ind1="0" ind2=" ">
      <subfield code="a">*** Paragraphus secundus De statu vocis</subfield>
      <subfield code="g">f. 45r-46v</subfield>
    </datafield>
    <datafield tag="505" ind1="0" ind2=" ">
      <subfield code="a">*** Paragraphus tertius De distractione vocis</subfield>
      <subfield code="g">f. 46v-48r</subfield>
    </datafield>
    <datafield tag="505" ind1="0" ind2=" ">
      <subfield code="a">*** Paragraphus quartus De ampliatione vocis</subfield>
      <subfield code="g">f. 48r-49r</subfield>
    </datafield>
    <datafield tag="505" ind1="0" ind2=" ">
      <subfield code="a">* Tractatus secundus De propositionibus</subfield>
      <subfield code="g">f. 49r-110v</subfield>
    </datafield>
    <datafield tag="505" ind1="0" ind2=" ">
      <subfield code="a">** Caput primum De propositionis natura ejusque partibus</subfield>
      <subfield code="g">f. 49r-55v</subfield>
    </datafield>
    <datafield tag="505" ind1="0" ind2=" ">
      <subfield code="a">*** Paragraphus primus Praemittuntur quaedam de oratione</subfield>
      <subfield code="g">f. 49r-50r</subfield>
    </datafield>
    <datafield tag="505" ind1="0" ind2=" ">
      <subfield code="a">*** Paragraphus secundus De propositione ejusque partibus</subfield>
      <subfield code="g">f. 50r-52r</subfield>
    </datafield>
    <datafield tag="505" ind1="0" ind2=" ">
      <subfield code="a">*** Paragraphus tertius De partibus propositionis speciatim earumque significatione</subfield>
      <subfield code="g">f. 52r-55v</subfield>
    </datafield>
    <datafield tag="505" ind1="0" ind2=" ">
      <subfield code="a">** Caput secundum De variis propositionum speciebus</subfield>
      <subfield code="g">f. 55v-78v</subfield>
    </datafield>
    <datafield tag="505" ind1="0" ind2=" ">
      <subfield code="a">*** Paragraphus primus De propositione vera et falsa</subfield>
      <subfield code="g">f. 55v-58r</subfield>
    </datafield>
    <datafield tag="505" ind1="0" ind2=" ">
      <subfield code="a">*** Paragraphus secundus De propositione verace et fallace</subfield>
      <subfield code="g">f. 58r-59r</subfield>
    </datafield>
    <datafield tag="505" ind1="0" ind2=" ">
      <subfield code="a">*** Paragraphus tertius De propositione necessaria impossibili et contingente</subfield>
      <subfield code="g">f. 59r-61v</subfield>
    </datafield>
    <datafield tag="505" ind1="0" ind2=" ">
      <subfield code="a">*** Paragraphus quartus De propositione formali et non formali</subfield>
      <subfield code="g">f. 61v-62r</subfield>
    </datafield>
    <datafield tag="505" ind1="0" ind2=" ">
      <subfield code="a">*** Paragraphus quintus De propositione affirmativa et negativa</subfield>
      <subfield code="g">f. 62r-63v</subfield>
    </datafield>
    <datafield tag="505" ind1="0" ind2=" ">
      <subfield code="a">*** Paragraphus sextus De propositione universali et particulari</subfield>
      <subfield code="g">f. 63v-65r</subfield>
    </datafield>
    <datafield tag="505" ind1="0" ind2=" ">
      <subfield code="a">*** Paragraphus septimus Refleciones quaedam circa propositiones universales et particulares</subfield>
      <subfield code="g">f. 65r-68r</subfield>
    </datafield>
    <datafield tag="505" ind1="0" ind2=" ">
      <subfield code="a">*** Paragraphus octavus De propositionibus singularibus et indefinitis</subfield>
      <subfield code="g">f. 68v-73v</subfield>
    </datafield>
    <datafield tag="505" ind1="0" ind2=" ">
      <subfield code="a">*** Paragraphus nonus De propositione certa, dubia et probabili</subfield>
      <subfield code="g">f. 73v-75r</subfield>
    </datafield>
    <datafield tag="505" ind1="0" ind2=" ">
      <subfield code="a">*** Paragraphus decimus De oppositis</subfield>
      <subfield code="g">f. 75r-76v</subfield>
    </datafield>
    <datafield tag="505" ind1="0" ind2=" ">
      <subfield code="a">*** Paragraphus undecimus De illatione propositionum ejusque regulis</subfield>
      <subfield code="g">f. 76v-78v</subfield>
    </datafield>
    <datafield tag="505" ind1="0" ind2=" ">
      <subfield code="a">** Caput tertium De propositionibus complexis et compositis</subfield>
      <subfield code="g">f. 78v-93r</subfield>
    </datafield>
    <datafield tag="505" ind1="0" ind2=" ">
      <subfield code="a">*** Paragraphus primus De propositionibus complexis</subfield>
      <subfield code="g">f. 78v-81v</subfield>
    </datafield>
    <datafield tag="505" ind1="0" ind2=" ">
      <subfield code="a">*** Paragraphus secundus De propositionibus compositis</subfield>
      <subfield code="g">f. 81v-87v</subfield>
    </datafield>
    <datafield tag="505" ind1="0" ind2=" ">
      <subfield code="a">*** Paragraphus tertius De propositionibus implicite compositis seu exponibibus</subfield>
      <subfield code="g">f. 87v-93r</subfield>
    </datafield>
    <datafield tag="505" ind1="0" ind2=" ">
      <subfield code="a">** Caput quartum Leges quaedam de propositionum veritate</subfield>
      <subfield code="g">f. 93r-110v</subfield>
    </datafield>
    <datafield tag="505" ind1="0" ind2=" ">
      <subfield code="a">* Index hujus tractatus seu logicae sermocinalis</subfield>
      <subfield code="g">f. 111r-111v</subfield>
    </datafield>
    <datafield tag="505" ind1="0" ind2=" ">
      <subfield code="a">* Quaestiones de logica sermocinalis [cum solutionibus]</subfield>
      <subfield code="g">f. 113r-123v</subfield>
    </datafield>
    <datafield tag="505" ind1="0" ind2=" ">
      <subfield code="a">Ethica seu Philosophia moralis dictata ab eruditissimo domino domino Josepho petro Sauvage luxemburgo juris utriusque licentiato artium doctore et philosophiae professore primario ; in celeberrimo Falconis pedagogio lovanii. Scriptsit Gaspar Josephus Michael Ullens Antverpiensis. Anno 1769</subfield>
      <subfield code="g">f. 124r-175v</subfield>
    </datafield>
    <datafield tag="505" ind1="0" ind2=" ">
      <subfield code="a">* Praefatio</subfield>
      <subfield code="g">f. 125r-127r</subfield>
    </datafield>
    <datafield tag="505" ind1="0" ind2=" ">
      <subfield code="a">* Ethices pars prima De ultimo fine actuum humanorum sive de summo hommis bono</subfield>
      <subfield code="g">f. 127r-133r</subfield>
    </datafield>
    <datafield tag="505" ind1="0" ind2=" ">
      <subfield code="a">** [Caput primum]</subfield>
      <subfield code="g">f. 127r-130r</subfield>
    </datafield>
    <datafield tag="505" ind1="0" ind2=" ">
      <subfield code="a">** Caput secundum De fine et finis devisionibus</subfield>
      <subfield code="g">f. 130r-131r</subfield>
    </datafield>
    <datafield tag="505" ind1="0" ind2=" ">
      <subfield code="a">** Caput tertium De beatitudine</subfield>
      <subfield code="g">f. 131r-133r</subfield>
    </datafield>
    <datafield tag="505" ind1="0" ind2=" ">
      <subfield code="a">* Pars secunda ethices De actibus humanis eorumque regulis</subfield>
      <subfield code="g">f. 133r-158r</subfield>
    </datafield>
    <datafield tag="505" ind1="0" ind2=" ">
      <subfield code="a">** Caput primum De actibus humanis</subfield>
      <subfield code="g">f. 133v-136r</subfield>
    </datafield>
    <datafield tag="505" ind1="0" ind2=" ">
      <subfield code="a">** Caput secundum De impedimentis voluntarii</subfield>
      <subfield code="g">f. 136r-139r</subfield>
    </datafield>
    <datafield tag="505" ind1="0" ind2=" ">
      <subfield code="a">** Caput tertium De actibus liberis seu de libertate hominis</subfield>
      <subfield code="g">f. 139r-141v</subfield>
    </datafield>
    <datafield tag="505" ind1="0" ind2=" ">
      <subfield code="a">** Caput quartum De bonitate et malitia actuum humanorum</subfield>
      <subfield code="g">f. 141v-144v</subfield>
    </datafield>
    <datafield tag="505" ind1="0" ind2=" ">
      <subfield code="a">** Caput quintum De actu indifferenti</subfield>
      <subfield code="g">f. 144v-146v</subfield>
    </datafield>
    <datafield tag="505" ind1="0" ind2=" ">
      <subfield code="a">** Caput sextum De origine mali ubi breviter de manicheismo</subfield>
      <subfield code="g">f. 146v-147v</subfield>
    </datafield>
    <datafield tag="505" ind1="0" ind2=" ">
      <subfield code="a">** Caput septimum De regulis actuum humanorum</subfield>
      <subfield code="g">f. 147v-153r</subfield>
    </datafield>
    <datafield tag="505" ind1="0" ind2=" ">
      <subfield code="a">** Caput octavum De conscientia</subfield>
      <subfield code="g">f. 153r-156v</subfield>
    </datafield>
    <datafield tag="505" ind1="0" ind2=" ">
      <subfield code="a">** Caput nonum De obligatione et imputatione legum</subfield>
      <subfield code="g">f. 156v-158r</subfield>
    </datafield>
    <datafield tag="505" ind1="0" ind2=" ">
      <subfield code="a">* Ethices pars tertia De virtutibus et vitiis</subfield>
      <subfield code="g">f. 158r-169v</subfield>
    </datafield>
    <datafield tag="505" ind1="0" ind2=" ">
      <subfield code="a">** Caput primum De variis vitiis hominum</subfield>
      <subfield code="g">f. 158r-160v</subfield>
    </datafield>
    <datafield tag="505" ind1="0" ind2=" ">
      <subfield code="a">** Caput secundum De virtutibus</subfield>
      <subfield code="g">f. 160v-169v</subfield>
    </datafield>
    <datafield tag="505" ind1="0" ind2=" ">
      <subfield code="a">*Index hujus tractatus seu ethices</subfield>
      <subfield code="g">f. 170r</subfield>
    </datafield>
    <datafield tag="505" ind1="0" ind2=" ">
      <subfield code="a">* Quaestiones de ethica [cum solutionibus]</subfield>
      <subfield code="g">f. 171r-175r</subfield>
    </datafield>
    <datafield tag="546" ind1=" " ind2=" ">
      <subfield code="a">Latin</subfield>
    </datafield>
    <datafield tag="653" ind1=" " ind2="6">
      <subfield code="a">Manuscripts</subfield>
    </datafield>
    <datafield tag="653" ind1=" " ind2="6">
      <subfield code="a">Lecture notes</subfield>
    </datafield>
    <datafield tag="700" ind1="1" ind2=" ">
      <subfield code="a">Sauvage, Joannes Petrus</subfield>
      <subfield code="d">1725-1774</subfield>
      <subfield code="4">pfs</subfield>
      <subfield code="3">professor primarius</subfield>
    </datafield>
    <datafield tag="700" ind1="1" ind2=" ">
      <subfield code="a">Heijlen, Petrus Josephus</subfield>
      <subfield code="d">†1793</subfield>
      <subfield code="4">pfs</subfield>
      <subfield code="3">professor secundarius</subfield>
    </datafield>
    <datafield tag="700" ind1="1" ind2=" ">
      <subfield code="a">Ullens, Gaspar</subfield>
      <subfield code="4">stu</subfield>
    </datafield>
    <datafield tag="700" ind1="1" ind2=" ">
      <subfield code="a">Denique, Petrus Augustinus</subfield>
      <subfield code="c">Leuven</subfield>
      <subfield code="d">1721?-1769</subfield>
      <subfield code="4">egr</subfield>
    </datafield>
    <datafield tag="830" ind1=" " ind2="0">
      <subfield code="a">De vocibus</subfield>
    </datafield>
    <datafield tag="830" ind1=" " ind2="0">
      <subfield code="a">De signo</subfield>
    </datafield>
    <datafield tag="830" ind1=" " ind2="0">
      <subfield code="a">De propositionibus</subfield>
    </datafield>
    <datafield tag="830" ind1=" " ind2="0">
      <subfield code="a">De instrumentis sciendi</subfield>
    </datafield>
    <datafield tag="830" ind1=" " ind2="0">
      <subfield code="a">De divisione</subfield>
    </datafield>
    <datafield tag="830" ind1=" " ind2="0">
      <subfield code="a">De definitione</subfield>
    </datafield>
    <datafield tag="830" ind1=" " ind2="0">
      <subfield code="a">De argumentatione</subfield>
    </datafield>
    <datafield tag="830" ind1=" " ind2="0">
      <subfield code="a">De acceptionibus vocum</subfield>
    </datafield>
    <datafield tag="856" ind1="4" ind2="0">
      <subfield code="u">http://resolver.lias.be/get_pid?view&amp;usagetype=VIEW_MAIN,VIEW&amp;pid=3101013</subfield>
      <subfield code="y">Online version in LIAS</subfield>
    </datafield>
    <datafield tag="856" ind1="4" ind2="0">
      <subfield code="u">http://resolver.lias.be/get_pid?view&amp;usagetype=VIEW_MAIN,VIEW&amp;pid=775996</subfield>
      <subfield code="y">Online version in LIAS</subfield>
    </datafield>
    <datafield tag="852" ind1=" " ind2=" ">
      <subfield code="8">22317750010001488</subfield>
      <subfield code="b">BIBC</subfield>
      <subfield code="c">BRES</subfield>
      <subfield code="h">Ms. 245</subfield>
    </datafield>
    <datafield tag="900" ind1=" " ind2=" ">
      <subfield code="a">CONSOLIDATED RECORD</subfield>
      <subfield code="b">KU Leuven</subfield>
    </datafield>
    <datafield tag="950" ind1=" " ind2=" ">
      <subfield code="a">f. 2r :</subfield>
      <subfield code="b">engraved titlepage</subfield>
      <subfield code="c">&quot;Volitat svper omnia Falco&quot;,  with sign of the Falcon, 2 putti and 3 balloons  (Apud P. Denique Lovanii)</subfield>
    </datafield>
    <datafield tag="950" ind1=" " ind2=" ">
      <subfield code="a">f. 124r :</subfield>
      <subfield code="b">engraved titlepage</subfield>
      <subfield code="c">&quot;Volitat svper omnia Falco&quot;,  with sign of the Falcon, images of 2 putti, Artistotles and Plato, 2 balloons  (Apud P. Denique Lovanii)</subfield>
    </datafield>
    <datafield tag="952" ind1=" " ind2=" ">
      <subfield code="d">Leuven (Louvain)</subfield>
      <subfield code="e">Pedagogie De Valk</subfield>
      <subfield code="0">(ODIS-ORG)35506</subfield>
      <subfield code="f">Faculty of Arts, Paedagogium Falconis</subfield>
    </datafield>
    <datafield tag="953" ind1=" " ind2=" ">
      <subfield code="b">1701-1800</subfield>
    </datafield>
    <datafield tag="996" ind1=" " ind2=" ">
      <subfield code="a">BIBC</subfield>
      <subfield code="b">physical</subfield>
      <subfield code="c">201509</subfield>
      <subfield code="d">Lectio Magister dixit</subfield>
    </datafield>
  </record>