
  <record>
    <leader>06791ntm a2201213 u 4500</leader>
    <controlfield tag="001">9978955270101488</controlfield>
    <controlfield tag="005">20151221075417.0</controlfield>
    <controlfield tag="008">110207m16771678xx      |     000 0 lat c</controlfield>
    <datafield tag="035" ind1=" " ind2=" ">
      <subfield code="a">(BeLVLBS)007895527LBS01-Aleph</subfield>
    </datafield>
    <datafield tag="035" ind1=" " ind2=" ">
      <subfield code="a">(EXLNZ-32KUL_LIBIS_NETWORK)9978955270101471</subfield>
    </datafield>
    <datafield tag="245" ind1="0" ind2="0">
      <subfield code="a">Logica.</subfield>
    </datafield>
    <datafield tag="246" ind1="1" ind2="3">
      <subfield code="a">Logica sub amplissimo vero dño Roberto a Noúilia Sacra. theologia. Licentiato metropolitana. Cameracensis Canonico Artium facultatis Decano philosophia. In famosissimo falconis pa.dagogio professore primario etc: sCrIpsIt Me GeorgIVs IVDoIgne phILosophVs TVngrensIs.</subfield>
    </datafield>
    <datafield tag="246" ind1="1" ind2="3">
      <subfield code="a">Physica Aristotelis. Logica Aristotelis</subfield>
    </datafield>
    <datafield tag="246" ind1="1" ind2="3">
      <subfield code="a">Physica. Logica</subfield>
    </datafield>
    <datafield tag="260" ind1=" " ind2=" ">
      <subfield code="c">1677-1678.</subfield>
    </datafield>
    <datafield tag="300" ind1=" " ind2=" ">
      <subfield code="a">346 f.</subfield>
      <subfield code="b">ill.</subfield>
      <subfield code="c">210 x 150 mm.</subfield>
    </datafield>
    <datafield tag="300" ind1=" " ind2=" ">
      <subfield code="a">Parchment binding</subfield>
    </datafield>
    <datafield tag="336" ind1=" " ind2=" ">
      <subfield code="a">text</subfield>
      <subfield code="2">rdacontent</subfield>
    </datafield>
    <datafield tag="337" ind1=" " ind2=" ">
      <subfield code="a">unmediated</subfield>
      <subfield code="2">rdamedia</subfield>
    </datafield>
    <datafield tag="338" ind1=" " ind2=" ">
      <subfield code="a">volume</subfield>
      <subfield code="2">rdacarrier</subfield>
    </datafield>
    <datafield tag="340" ind1=" " ind2=" ">
      <subfield code="e">Paper</subfield>
    </datafield>
    <datafield tag="351" ind1=" " ind2=" ">
      <subfield code="a">Band in perkament.</subfield>
    </datafield>
    <datafield tag="500" ind1=" " ind2=" ">
      <subfield code="a">2 chronograms</subfield>
    </datafield>
    <datafield tag="500" ind1=" " ind2=" ">
      <subfield code="a">Chronogram on f. 1r reads : Car thesIVs magnVs phILosophIa. DVX [= 1678]</subfield>
    </datafield>
    <datafield tag="500" ind1=" " ind2=" ">
      <subfield code="a">Chronogram on f. 1r reads : sCrIpsIt Me GeorgIVs IVDoIgne phILosphVs TVngrensIs [= 1677]</subfield>
    </datafield>
    <datafield tag="500" ind1=" " ind2=" ">
      <subfield code="a">2 colophons</subfield>
    </datafield>
    <datafield tag="500" ind1=" " ind2=" ">
      <subfield code="a">Colophon on f. 176r reads : Finis Logices 3a aprilis 1678</subfield>
    </datafield>
    <datafield tag="500" ind1=" " ind2=" ">
      <subfield code="a">Colophon on f. 343v reads : Finis Logices 17a aprilis Ao1678</subfield>
    </datafield>
    <datafield tag="500" ind1=" " ind2=" ">
      <subfield code="a">Indices on f. 1 (Physica) and on f. 177r (Logica)</subfield>
    </datafield>
    <datafield tag="500" ind1=" " ind2=" ">
      <subfield code="a">On repeated occasions : &quot;Ad maiorem Dei BV SS orumque Gloriam&quot;</subfield>
    </datafield>
    <datafield tag="500" ind1=" " ind2=" ">
      <subfield code="a">On f. 346v : many scrawls (credo in / credo in deum / Credo Deum patrem / .../ miserere Domine / Vandenesse / Roi / Rougem / Demolder / ... / miserere mei Domine /...</subfield>
    </datafield>
    <datafield tag="505" ind1="0" ind2=" ">
      <subfield code="a">[Universa philosophia Aristotelis]</subfield>
      <subfield code="g">f. 1r-176r</subfield>
    </datafield>
    <datafield tag="505" ind1="0" ind2=" ">
      <subfield code="a">* Index eorum qua in hoc libro primo continentur</subfield>
      <subfield code="g">f. 1r</subfield>
    </datafield>
    <datafield tag="505" ind1="0" ind2=" ">
      <subfield code="a">* Praefatio in universam Aristoteles philosophiam</subfield>
      <subfield code="g">f. 3r-6v</subfield>
    </datafield>
    <datafield tag="505" ind1="0" ind2=" ">
      <subfield code="a">* Praefatio in universam philosophiam Aristotelis</subfield>
      <subfield code="g">f. 8r-11r</subfield>
    </datafield>
    <datafield tag="505" ind1="0" ind2=" ">
      <subfield code="a">* Tractatus De toto et parte</subfield>
      <subfield code="g">f. 13r-27v</subfield>
    </datafield>
    <datafield tag="505" ind1="0" ind2=" ">
      <subfield code="a">* Logicae liber primus De prima operatione mentis</subfield>
      <subfield code="g">f. 29r-52r</subfield>
    </datafield>
    <datafield tag="505" ind1="0" ind2=" ">
      <subfield code="a">* Tractatus in Isachogen Porphirii</subfield>
      <subfield code="g">f. 52v-88v</subfield>
    </datafield>
    <datafield tag="505" ind1="0" ind2=" ">
      <subfield code="a">* Tractatus praedicamentis</subfield>
      <subfield code="g">f. 88r-109r</subfield>
    </datafield>
    <datafield tag="505" ind1="0" ind2=" ">
      <subfield code="a">* Tractatus postpraedicamentalis</subfield>
      <subfield code="g">f. 109v-116r</subfield>
    </datafield>
    <datafield tag="505" ind1="0" ind2=" ">
      <subfield code="a">* Logicae liber secundus De secunda mentis operatione</subfield>
      <subfield code="g">f. 116v-131v</subfield>
    </datafield>
    <datafield tag="505" ind1="0" ind2=" ">
      <subfield code="a">* Liber tertius Logicae De tertia mentis operatione</subfield>
      <subfield code="g">f. 133r-176r</subfield>
    </datafield>
    <datafield tag="505" ind1="0" ind2=" ">
      <subfield code="a">[Logica Aristotelis]</subfield>
      <subfield code="g">f. 177r-343v</subfield>
    </datafield>
    <datafield tag="505" ind1="0" ind2=" ">
      <subfield code="a">* Index eorum quae in hoc codice continentur</subfield>
      <subfield code="g">f. 177r</subfield>
    </datafield>
    <datafield tag="505" ind1="0" ind2=" ">
      <subfield code="a">* Praefatio in Logicam Aristotelis</subfield>
      <subfield code="g">f. 178r</subfield>
    </datafield>
    <datafield tag="505" ind1="0" ind2=" ">
      <subfield code="a">* Praefatio in Logicam Aristotelis Domenico Snellars</subfield>
      <subfield code="g">f. 181r-192v</subfield>
    </datafield>
    <datafield tag="505" ind1="0" ind2=" ">
      <subfield code="a">* Tractatus de signo</subfield>
      <subfield code="g">f. 193r-248v</subfield>
    </datafield>
    <datafield tag="505" ind1="0" ind2=" ">
      <subfield code="a">* Libri  Interpretatione seu  perherminias $g f. 249r-290r</subfield>
    </datafield>
    <datafield tag="505" ind1="0" ind2=" ">
      <subfield code="a">* Tractatus de certis, dubiis et probabilibus</subfield>
      <subfield code="g">f .290r-307r</subfield>
    </datafield>
    <datafield tag="505" ind1="0" ind2=" ">
      <subfield code="a">* Libri posterioris</subfield>
      <subfield code="g">f. 307v-343v</subfield>
    </datafield>
    <datafield tag="546" ind1=" " ind2=" ">
      <subfield code="a">Latin</subfield>
    </datafield>
    <datafield tag="653" ind1=" " ind2="6">
      <subfield code="a">Manuscripts</subfield>
    </datafield>
    <datafield tag="653" ind1=" " ind2="6">
      <subfield code="a">Lecture notes</subfield>
    </datafield>
    <datafield tag="700" ind1="1" ind2=" ">
      <subfield code="a">de Novilia, Robertus</subfield>
      <subfield code="3">professor primarius</subfield>
      <subfield code="4">pfs</subfield>
    </datafield>
    <datafield tag="700" ind1="1" ind2=" ">
      <subfield code="a">Snellaerts, Dominicus</subfield>
      <subfield code="d">1650-1720</subfield>
      <subfield code="4">pfs</subfield>
    </datafield>
    <datafield tag="700" ind1="1" ind2=" ">
      <subfield code="a">Jodoigne, Georgius</subfield>
      <subfield code="4">stu</subfield>
    </datafield>
    <datafield tag="700" ind1="1" ind2=" ">
      <subfield code="a">de Molder, Petrus</subfield>
      <subfield code="4">stu</subfield>
    </datafield>
    <datafield tag="700" ind1="1" ind2=" ">
      <subfield code="a">Van Esse, Joannes</subfield>
      <subfield code="4">stu</subfield>
    </datafield>
    <datafield tag="700" ind1=" " ind2=" ">
      <subfield code="a">Haye, Michael</subfield>
      <subfield code="d">?-1676</subfield>
      <subfield code="g">Flemish printmaker, draftsman and publisher</subfield>
      <subfield code="4">egr</subfield>
    </datafield>
    <datafield tag="700" ind1="1" ind2=" ">
      <subfield code="a">Huybrechts, Peeter</subfield>
      <subfield code="d">1614-1660</subfield>
      <subfield code="g">Flemish printmaker and publisher</subfield>
      <subfield code="4">egr</subfield>
    </datafield>
    <datafield tag="830" ind1=" " ind2="0">
      <subfield code="a">Prooemium in logicam</subfield>
    </datafield>
    <datafield tag="830" ind1=" " ind2="0">
      <subfield code="a">Prolegomena philosophiae</subfield>
    </datafield>
    <datafield tag="830" ind1=" " ind2="0">
      <subfield code="a">Praedicamenta</subfield>
    </datafield>
    <datafield tag="830" ind1=" " ind2="0">
      <subfield code="a">Praedicabilia</subfield>
    </datafield>
    <datafield tag="830" ind1=" " ind2="0">
      <subfield code="a">Isagoge</subfield>
    </datafield>
    <datafield tag="830" ind1=" " ind2="0">
      <subfield code="a">De toto et parte</subfield>
    </datafield>
    <datafield tag="830" ind1=" " ind2="0">
      <subfield code="a">De signo</subfield>
    </datafield>
    <datafield tag="830" ind1=" " ind2="0">
      <subfield code="a">De ratiocinio</subfield>
    </datafield>
    <datafield tag="830" ind1=" " ind2="0">
      <subfield code="a">De interpretatione</subfield>
    </datafield>
    <datafield tag="830" ind1=" " ind2="0">
      <subfield code="a">De discursu</subfield>
    </datafield>
    <datafield tag="830" ind1=" " ind2="0">
      <subfield code="a">De definitione et divisione</subfield>
    </datafield>
    <datafield tag="830" ind1=" " ind2="0">
      <subfield code="a">De argumentatione</subfield>
    </datafield>
    <datafield tag="830" ind1=" " ind2="0">
      <subfield code="a">Categoriae</subfield>
    </datafield>
    <datafield tag="830" ind1=" " ind2="0">
      <subfield code="a">Analytica posteriora</subfield>
    </datafield>
    <datafield tag="856" ind1="4" ind2="0">
      <subfield code="u">http://resolver.lias.be/get_pid?view&amp;usagetype=VIEW_MAIN,VIEW&amp;pid=3196651</subfield>
      <subfield code="y">Online version in LIAS</subfield>
    </datafield>
    <datafield tag="856" ind1="4" ind2="0">
      <subfield code="u">http://resolver.lias.be/get_pid?view&amp;usagetype=VIEW_MAIN,VIEW&amp;pid=907165</subfield>
      <subfield code="y">Online version in LIAS</subfield>
    </datafield>
    <datafield tag="852" ind1=" " ind2=" ">
      <subfield code="8">22318047030001488</subfield>
      <subfield code="b">BIBC</subfield>
      <subfield code="c">BRES</subfield>
      <subfield code="h">Ms. 250</subfield>
    </datafield>
    <datafield tag="900" ind1=" " ind2=" ">
      <subfield code="a">CONSOLIDATED RECORD</subfield>
      <subfield code="b">KU Leuven</subfield>
    </datafield>
    <datafield tag="950" ind1=" " ind2=" ">
      <subfield code="a">numerous small</subfield>
      <subfield code="b">pen drawing(s)</subfield>
    </datafield>
    <datafield tag="950" ind1=" " ind2=" ">
      <subfield code="a">f. 2r :</subfield>
      <subfield code="b">engraved titlepage</subfield>
      <subfield code="c">&quot;Volitat super omnia falco&quot;, with Aristoteles, Plato (in red ink) (Apvt Michaelem Haye prope praedicatores)</subfield>
    </datafield>
    <datafield tag="950" ind1=" " ind2=" ">
      <subfield code="a">Pasted on f. 2 :</subfield>
      <subfield code="b">engraving(s)</subfield>
      <subfield code="c">falcon with cap</subfield>
    </datafield>
    <datafield tag="950" ind1=" " ind2=" ">
      <subfield code="a">f. 7v :</subfield>
      <subfield code="b">engraving(s)</subfield>
      <subfield code="c">Dialectica</subfield>
    </datafield>
    <datafield tag="950" ind1=" " ind2=" ">
      <subfield code="a">f. 12v :</subfield>
      <subfield code="b">engraving(s)</subfield>
      <subfield code="c">Partes Phisicæ et integrantes reductiue ad prædicamenta referuntur</subfield>
    </datafield>
    <datafield tag="950" ind1=" " ind2=" ">
      <subfield code="a">f. 17r  :</subfield>
      <subfield code="b">engraving(s)</subfield>
      <subfield code="c">Formavit Dominus hominem de Limo terræ et inspiravit in faciem ejus spiramen vitæ, immistiq. soporem in Adam, cumq. obdormisset, tulit unam costant de costis ejus, quam ædificavit in muliere et adduxit eam ad Adam. Gen. 2.</subfield>
    </datafield>
    <datafield tag="950" ind1=" " ind2=" ">
      <subfield code="a">f. 23r :</subfield>
      <subfield code="b">engraving(s)</subfield>
      <subfield code="c">Entia per accidens.</subfield>
    </datafield>
    <datafield tag="950" ind1=" " ind2=" ">
      <subfield code="a">f. 28v :</subfield>
      <subfield code="b">pen drawing(s)</subfield>
      <subfield code="c">Castrum bella gerit ; Forescunt Lilia primis; Porcus alit doctos ; Volitat super o[mn]ia falco (castle, lily, pig and falcon)</subfield>
    </datafield>
    <datafield tag="950" ind1=" " ind2=" ">
      <subfield code="a">f. 37r  :</subfield>
      <subfield code="b">engraving(s)</subfield>
      <subfield code="c">two man's head, a horse's head and a bull's head</subfield>
    </datafield>
    <datafield tag="950" ind1=" " ind2=" ">
      <subfield code="a">f. 39v :</subfield>
      <subfield code="b">engraving(s)</subfield>
      <subfield code="c">De substantia</subfield>
    </datafield>
    <datafield tag="950" ind1=" " ind2=" ">
      <subfield code="a">f. 53v  :</subfield>
      <subfield code="b">engraving(s)</subfield>
      <subfield code="c">de vniuersali / Inde ventvrvs est ivdicare vivos et mortvos</subfield>
    </datafield>
    <datafield tag="950" ind1=" " ind2=" ">
      <subfield code="a">f. 78r :</subfield>
      <subfield code="b">engraving(s)</subfield>
      <subfield code="c">Arbor Porphyrii (Apud Michaelem Hayé Lovany prope Prædicatores Hybernos)</subfield>
    </datafield>
    <datafield tag="950" ind1=" " ind2=" ">
      <subfield code="a">f. 87r :</subfield>
      <subfield code="b">engraving(s)</subfield>
      <subfield code="c">Arbor consanguinitatis iuris civilis (Apud Michaëlem Hayé Louany propè Predicatores Hybernos)</subfield>
    </datafield>
    <datafield tag="950" ind1=" " ind2=" ">
      <subfield code="a">f. 89r  :</subfield>
      <subfield code="b">engraving(s)</subfield>
      <subfield code="c">De quantitate</subfield>
    </datafield>
    <datafield tag="950" ind1=" " ind2=" ">
      <subfield code="a">f.  132r :</subfield>
      <subfield code="b">engraving(s)</subfield>
      <subfield code="c">Pons asinorvm (in redish ink) (Lovany apvd Michaelem Hayé prope prædicatores hybernos)</subfield>
    </datafield>
    <datafield tag="950" ind1=" " ind2=" ">
      <subfield code="a">f. 162r :</subfield>
      <subfield code="b">engraving(s)</subfield>
      <subfield code="c">De sillogismo in baroco (Apud Michaelem Haye Lovany Prope predicatores hibernos Cum preuil.)</subfield>
    </datafield>
    <datafield tag="950" ind1=" " ind2=" ">
      <subfield code="a">f. 195r :</subfield>
      <subfield code="b">engraving(s)</subfield>
      <subfield code="c">three men looking at a cloud with a hand</subfield>
    </datafield>
    <datafield tag="950" ind1=" " ind2=" ">
      <subfield code="a">f. 198r :</subfield>
      <subfield code="b">engraving(s)</subfield>
      <subfield code="c">De signo practico</subfield>
    </datafield>
    <datafield tag="950" ind1=" " ind2=" ">
      <subfield code="a">f. 207v :</subfield>
      <subfield code="b">engraving(s)</subfield>
      <subfield code="c">quid sunt vniuoca</subfield>
    </datafield>
    <datafield tag="950" ind1=" " ind2=" ">
      <subfield code="a">f. 210v :</subfield>
      <subfield code="b">engraving(s)</subfield>
      <subfield code="c">De eqvivocis (Michiel.Haye exe. P. Huybrechts fecit)</subfield>
    </datafield>
    <datafield tag="950" ind1=" " ind2=" ">
      <subfield code="a">f. 284r :</subfield>
      <subfield code="b">engraving(s)</subfield>
      <subfield code="c">Tabvla oppositarvm (Apud Michaelem Hayé Lovany propre Prædicatores Hybernos)</subfield>
    </datafield>
    <datafield tag="950" ind1=" " ind2=" ">
      <subfield code="a">f. 308r :</subfield>
      <subfield code="b">engraving(s)</subfield>
      <subfield code="c">De Argumentatione (Michiel Haye exc.)</subfield>
    </datafield>
    <datafield tag="950" ind1=" " ind2=" ">
      <subfield code="a">f. 335r :</subfield>
      <subfield code="b">engraving(s)</subfield>
      <subfield code="c">De fallacys</subfield>
    </datafield>
    <datafield tag="950" ind1=" " ind2=" ">
      <subfield code="a">f. 344r :</subfield>
      <subfield code="b">engraving(s)</subfield>
      <subfield code="c">Fine coronato nobilitatur opus</subfield>
    </datafield>
    <datafield tag="950" ind1=" " ind2=" ">
      <subfield code="a">f. 345r :</subfield>
      <subfield code="b">engraving(s)</subfield>
      <subfield code="c">Gloria in excelsis Deo et in terra pax hō[min]ibvs (Apud Michaelem Hayé Lovany prope Prædicatores Hijbernos.)</subfield>
    </datafield>
    <datafield tag="952" ind1=" " ind2=" ">
      <subfield code="d">Leuven (Louvain)</subfield>
      <subfield code="e">Pedagogie De Valk</subfield>
      <subfield code="0">(ODIS-ORG)35506</subfield>
      <subfield code="f">Faculty of Arts, Paedagogium Falconis</subfield>
    </datafield>
    <datafield tag="953" ind1=" " ind2=" ">
      <subfield code="b">1601-1700</subfield>
    </datafield>
    <datafield tag="996" ind1=" " ind2=" ">
      <subfield code="a">BIBC</subfield>
      <subfield code="b">physical</subfield>
      <subfield code="c">201509</subfield>
      <subfield code="d">Lectio Magister dixit</subfield>
    </datafield>
  </record>