
  <record>
    <leader>03862ntm a2200817 u 4500</leader>
    <controlfield tag="001">9980131450101488</controlfield>
    <controlfield tag="005">20151221075418.0</controlfield>
    <controlfield tag="008">110411s1791    xx      |     000 0 lat c</controlfield>
    <datafield tag="035" ind1=" " ind2=" ">
      <subfield code="a">(BeLVLBS)008013145LBS01-Aleph</subfield>
    </datafield>
    <datafield tag="035" ind1=" " ind2=" ">
      <subfield code="a">(EXLNZ-32KUL_LIBIS_NETWORK)9980131450101471</subfield>
    </datafield>
    <datafield tag="245" ind1="0" ind2="0">
      <subfield code="a">Tractatus de logica.</subfield>
    </datafield>
    <datafield tag="246" ind1="1" ind2="3">
      <subfield code="a">Tractatus de logica Anno 1791.</subfield>
    </datafield>
    <datafield tag="246" ind1="1" ind2="3">
      <subfield code="a">Logica</subfield>
    </datafield>
    <datafield tag="260" ind1=" " ind2=" ">
      <subfield code="c">1791.</subfield>
    </datafield>
    <datafield tag="300" ind1=" " ind2=" ">
      <subfield code="a">112 f.</subfield>
      <subfield code="b">ill.</subfield>
      <subfield code="c">190 x 120 mm.</subfield>
    </datafield>
    <datafield tag="300" ind1=" " ind2=" ">
      <subfield code="a">Cardboard binding ; half parchment binding, spine with parchment, boards with paper</subfield>
    </datafield>
    <datafield tag="336" ind1=" " ind2=" ">
      <subfield code="a">text</subfield>
      <subfield code="2">rdacontent</subfield>
    </datafield>
    <datafield tag="337" ind1=" " ind2=" ">
      <subfield code="a">unmediated</subfield>
      <subfield code="2">rdamedia</subfield>
    </datafield>
    <datafield tag="338" ind1=" " ind2=" ">
      <subfield code="a">volume</subfield>
      <subfield code="2">rdacarrier</subfield>
    </datafield>
    <datafield tag="340" ind1=" " ind2=" ">
      <subfield code="e">Paper</subfield>
    </datafield>
    <datafield tag="351" ind1=" " ind2=" ">
      <subfield code="a">Band in karton ; rug overtrokken met perkament, platten met papier.</subfield>
    </datafield>
    <datafield tag="505" ind1="0" ind2=" ">
      <subfield code="a">Prologominum</subfield>
      <subfield code="g">f. 3r-4r</subfield>
    </datafield>
    <datafield tag="505" ind1="0" ind2=" ">
      <subfield code="a">Pars prima De cogitandis legibus maxime universalibus</subfield>
      <subfield code="g">f. 4r-49v</subfield>
    </datafield>
    <datafield tag="505" ind1="0" ind2=" ">
      <subfield code="a">* Sectio prima De ideis</subfield>
      <subfield code="g">f. 4v-22r</subfield>
    </datafield>
    <datafield tag="505" ind1="0" ind2=" ">
      <subfield code="a">** Caput primum De natura idearum illarumque objectis</subfield>
      <subfield code="g">f. 4v-5v</subfield>
    </datafield>
    <datafield tag="505" ind1="0" ind2=" ">
      <subfield code="a">** Caput secundum De formali idearum differentia</subfield>
      <subfield code="g">f. 5v-7r</subfield>
    </datafield>
    <datafield tag="505" ind1="0" ind2=" ">
      <subfield code="a">** Caput tertium De materiali idearum differentia</subfield>
      <subfield code="g">f. 7v-13v</subfield>
    </datafield>
    <datafield tag="505" ind1="0" ind2=" ">
      <subfield code="a">** Caput quartum De idearum signis</subfield>
      <subfield code="g">f. 14r-16v</subfield>
    </datafield>
    <datafield tag="505" ind1="0" ind2=" ">
      <subfield code="a">** Caput quintum De definitione</subfield>
      <subfield code="g">f. 16v-20v</subfield>
    </datafield>
    <datafield tag="505" ind1="0" ind2=" ">
      <subfield code="a">** Caput sextum De divisione</subfield>
      <subfield code="g">f. 20v-22r</subfield>
    </datafield>
    <datafield tag="505" ind1="0" ind2=" ">
      <subfield code="a">* Sectio secunda De judicio</subfield>
      <subfield code="g">f. 22v-31r</subfield>
    </datafield>
    <datafield tag="505" ind1="0" ind2=" ">
      <subfield code="a">** Caput primum De natura judicio</subfield>
      <subfield code="g">f. 22v-23r</subfield>
    </datafield>
    <datafield tag="505" ind1="0" ind2=" ">
      <subfield code="a">** Caput secundum De enuntiatione ejusque speciebus</subfield>
      <subfield code="g">f. 23r-25r</subfield>
    </datafield>
    <datafield tag="505" ind1="0" ind2=" ">
      <subfield code="a">** Caput tertium De enuntionatione proprietatibus</subfield>
      <subfield code="g">f. 25r-27v</subfield>
    </datafield>
    <datafield tag="505" ind1="0" ind2=" ">
      <subfield code="a">** Caput quartum De veritate et falsitate propositionum</subfield>
      <subfield code="g">f. 27v-31r</subfield>
    </datafield>
    <datafield tag="505" ind1="0" ind2=" ">
      <subfield code="a">* Sectio tertia De ratiocinio</subfield>
      <subfield code="g">f. 31r-49r</subfield>
    </datafield>
    <datafield tag="505" ind1="0" ind2=" ">
      <subfield code="a">** Caput primum De ratiocinatione et argumentatione in genere</subfield>
      <subfield code="g">f. 31r-31v</subfield>
    </datafield>
    <datafield tag="505" ind1="0" ind2=" ">
      <subfield code="a">** Caput secundum De sylogismo simplici</subfield>
      <subfield code="g">f. 31v-34v</subfield>
    </datafield>
    <datafield tag="505" ind1="0" ind2=" ">
      <subfield code="a">** Caput tertium De sylogismo composito</subfield>
      <subfield code="g">f. 34v-35v</subfield>
    </datafield>
    <datafield tag="505" ind1="0" ind2=" ">
      <subfield code="a">** Caput quartum De reliquis argumentandi speciebus</subfield>
      <subfield code="g">f. 35v-38v</subfield>
    </datafield>
    <datafield tag="505" ind1="0" ind2=" ">
      <subfield code="a">** Theses</subfield>
      <subfield code="g">f. 38v-49r</subfield>
    </datafield>
    <datafield tag="505" ind1="0" ind2=" ">
      <subfield code="a">Pars secunda Logices De cognitatione veritatis</subfield>
      <subfield code="g">f. 49v-105v</subfield>
    </datafield>
    <datafield tag="505" ind1="0" ind2=" ">
      <subfield code="a">* Caput primum De indiciis veritatis et certitudine</subfield>
      <subfield code="g">f. 49v-52r</subfield>
    </datafield>
    <datafield tag="505" ind1="0" ind2=" ">
      <subfield code="a">* Caput secundum De sensu intimo</subfield>
      <subfield code="g">f. 52r-52v</subfield>
    </datafield>
    <datafield tag="505" ind1="0" ind2=" ">
      <subfield code="a">* Caput tertium De sensu naturae communis</subfield>
      <subfield code="g">f. 53r-57r</subfield>
    </datafield>
    <datafield tag="505" ind1="0" ind2=" ">
      <subfield code="a">* Caput quartum De testimonio sensuum externorum</subfield>
      <subfield code="g">f. 57r-61r</subfield>
    </datafield>
    <datafield tag="505" ind1="0" ind2=" ">
      <subfield code="a">* [Caput quintum] De auctoritate</subfield>
      <subfield code="g">f. 61v-63r</subfield>
    </datafield>
    <datafield tag="505" ind1="0" ind2=" ">
      <subfield code="a">* Caput sextum De evidentia</subfield>
      <subfield code="g">f. 63v-65r</subfield>
    </datafield>
    <datafield tag="505" ind1="0" ind2=" ">
      <subfield code="a">* Caput septimum De probabilitate</subfield>
      <subfield code="g">f. 65r-71r</subfield>
    </datafield>
    <datafield tag="505" ind1="0" ind2=" ">
      <subfield code="a">* Caput octavum De scientia, opinione, et fide</subfield>
      <subfield code="g">f. 71r-78v</subfield>
    </datafield>
    <datafield tag="505" ind1="0" ind2=" ">
      <subfield code="a">* Caput nonum De methodo inveniendae et communicandae veritatis</subfield>
      <subfield code="g">f. 78v-85v</subfield>
    </datafield>
    <datafield tag="505" ind1="0" ind2=" ">
      <subfield code="a">* Caput decimum De interpretatione et lectione librorum</subfield>
      <subfield code="g">f. 85v-89r</subfield>
    </datafield>
    <datafield tag="505" ind1="0" ind2=" ">
      <subfield code="a">* Caput undecimum De errore ejusque fontibus et remediis</subfield>
      <subfield code="g">f. 89r-96r</subfield>
    </datafield>
    <datafield tag="505" ind1="0" ind2=" ">
      <subfield code="a">* Caput duo decimum De consertatione litteralia</subfield>
      <subfield code="g">f. 96r-99r</subfield>
    </datafield>
    <datafield tag="505" ind1="0" ind2=" ">
      <subfield code="a">* Thesis</subfield>
      <subfield code="g">f. 99r-105v</subfield>
    </datafield>
    <datafield tag="546" ind1=" " ind2=" ">
      <subfield code="a">Latin</subfield>
    </datafield>
    <datafield tag="653" ind1=" " ind2="6">
      <subfield code="a">Manuscripts</subfield>
    </datafield>
    <datafield tag="653" ind1=" " ind2="6">
      <subfield code="a">Lecture notes</subfield>
    </datafield>
    <datafield tag="830" ind1=" " ind2="0">
      <subfield code="a">De ratiocinio</subfield>
    </datafield>
    <datafield tag="830" ind1=" " ind2="0">
      <subfield code="a">De iudicio</subfield>
    </datafield>
    <datafield tag="830" ind1=" " ind2="0">
      <subfield code="a">De ideis</subfield>
    </datafield>
    <datafield tag="830" ind1=" " ind2="0">
      <subfield code="a">De discursu</subfield>
    </datafield>
    <datafield tag="830" ind1=" " ind2="0">
      <subfield code="a">De cognitione veritatis</subfield>
    </datafield>
    <datafield tag="830" ind1=" " ind2="0">
      <subfield code="a">De cognitandi legibus maxime universalibus</subfield>
    </datafield>
    <datafield tag="856" ind1="4" ind2="0">
      <subfield code="u">http://resolver.lias.be/get_pid?view&amp;usagetype=VIEW_MAIN,VIEW&amp;pid=3142416</subfield>
      <subfield code="y">Online version in LIAS</subfield>
    </datafield>
    <datafield tag="856" ind1="4" ind2="0">
      <subfield code="u">http://resolver.lias.be/get_pid?view&amp;usagetype=VIEW_MAIN,VIEW&amp;pid=788920</subfield>
      <subfield code="y">Online version in LIAS</subfield>
    </datafield>
    <datafield tag="852" ind1=" " ind2=" ">
      <subfield code="8">22318453850001488</subfield>
      <subfield code="b">BIBC</subfield>
      <subfield code="c">BRES</subfield>
      <subfield code="h">Ms. 317</subfield>
    </datafield>
    <datafield tag="900" ind1=" " ind2=" ">
      <subfield code="a">CONSOLIDATED RECORD</subfield>
      <subfield code="b">KU Leuven</subfield>
    </datafield>
    <datafield tag="950" ind1=" " ind2=" ">
      <subfield code="a">f. 8r :</subfield>
      <subfield code="b">pen drawing(s)</subfield>
      <subfield code="c">Arbor Porphyrii</subfield>
    </datafield>
    <datafield tag="950" ind1=" " ind2=" ">
      <subfield code="a">f. 30v :</subfield>
      <subfield code="b">pen drawing(s)</subfield>
      <subfield code="c">Schema oppositarum</subfield>
    </datafield>
    <datafield tag="952" ind1=" " ind2=" ">
      <subfield code="d">Leuven (Louvain)</subfield>
      <subfield code="e">Pedagogie onbekend</subfield>
      <subfield code="f">Faculty of Arts, pedagogy unknown</subfield>
    </datafield>
    <datafield tag="953" ind1=" " ind2=" ">
      <subfield code="b">1701-1800</subfield>
    </datafield>
    <datafield tag="996" ind1=" " ind2=" ">
      <subfield code="a">BIBC</subfield>
      <subfield code="b">physical</subfield>
      <subfield code="c">201509</subfield>
      <subfield code="d">Lectio Magister dixit</subfield>
    </datafield>
  </record>