
  <record>
    <leader>10124ntm a2201693 u 4500</leader>
    <controlfield tag="001">9983694770101488</controlfield>
    <controlfield tag="005">20151221075615.0</controlfield>
    <controlfield tag="008">111130m17201723xx      |     000 0 lat c</controlfield>
    <datafield tag="035" ind1=" " ind2=" ">
      <subfield code="a">(BeLVLBS)008369477LBS01-Aleph</subfield>
    </datafield>
    <datafield tag="035" ind1=" " ind2=" ">
      <subfield code="a">(EXLNZ-32KUL_LIBIS_NETWORK)9983694770101471</subfield>
    </datafield>
    <datafield tag="245" ind1="0" ind2="0">
      <subfield code="a">Logica.</subfield>
    </datafield>
    <datafield tag="246" ind1="1" ind2="3">
      <subfield code="a">Logicae Lovaniensis tomus secundus.</subfield>
    </datafield>
    <datafield tag="246" ind1="1" ind2="3">
      <subfield code="a">Logicæ Lovaniensis tomus secundus dictatus à doctissimo Domino Ægidio Francisco Audenaert ex Lokeren philosophiæ professore secundario 1720. Christophoro Devisscher Bruxellensi auditore</subfield>
    </datafield>
    <datafield tag="260" ind1=" " ind2=" ">
      <subfield code="c">1720-1723.</subfield>
    </datafield>
    <datafield tag="300" ind1=" " ind2=" ">
      <subfield code="a">512 p.</subfield>
      <subfield code="b">ill.</subfield>
      <subfield code="c">198 x 155 mm.</subfield>
    </datafield>
    <datafield tag="300" ind1=" " ind2=" ">
      <subfield code="a">Brown leather binding ; gold tooled spine with title &quot;Logica tomus II&quot;.</subfield>
    </datafield>
    <datafield tag="336" ind1=" " ind2=" ">
      <subfield code="a">text</subfield>
      <subfield code="2">rdacontent</subfield>
    </datafield>
    <datafield tag="337" ind1=" " ind2=" ">
      <subfield code="a">unmediated</subfield>
      <subfield code="2">rdamedia</subfield>
    </datafield>
    <datafield tag="338" ind1=" " ind2=" ">
      <subfield code="a">volume</subfield>
      <subfield code="2">rdacarrier</subfield>
    </datafield>
    <datafield tag="340" ind1=" " ind2=" ">
      <subfield code="e">Paper</subfield>
    </datafield>
    <datafield tag="351" ind1=" " ind2=" ">
      <subfield code="a">Band in bruin leder ; goud gestempelde rug met titel &quot;Logica tomus II&quot;.</subfield>
    </datafield>
    <datafield tag="500" ind1=" " ind2=" ">
      <subfield code="a">Title created by cataloguer</subfield>
    </datafield>
    <datafield tag="500" ind1=" " ind2=" ">
      <subfield code="a">6 colophons</subfield>
    </datafield>
    <datafield tag="500" ind1=" " ind2=" ">
      <subfield code="a">Colophon on p. 105 reads : Finis materie promotionis De vocibus datus nono januarii 1723</subfield>
    </datafield>
    <datafield tag="500" ind1=" " ind2=" ">
      <subfield code="a">Colophon on p. 223 reads : Finis materie promotionis de compositis</subfield>
    </datafield>
    <datafield tag="500" ind1=" " ind2=" ">
      <subfield code="a">Colophon on p. 356 reads : Finis questionum de universali</subfield>
    </datafield>
    <datafield tag="500" ind1=" " ind2=" ">
      <subfield code="a">Colophon on p. 500 reads : Finis materie promotionis De vocibus 1723</subfield>
    </datafield>
    <datafield tag="500" ind1=" " ind2=" ">
      <subfield code="a">Colophon on p. 509 reads : Finis Logicæ</subfield>
    </datafield>
    <datafield tag="500" ind1=" " ind2=" ">
      <subfield code="a">Colophon on p. 510 reads : Anno 1723</subfield>
    </datafield>
    <datafield tag="500" ind1=" " ind2=" ">
      <subfield code="a">Chronogram on p. 510 reads : qUaMqUe sUbtILes IngenIo aC Labore sUo apprehendent [= 1723]</subfield>
    </datafield>
    <datafield tag="500" ind1=" " ind2=" ">
      <subfield code="a">Note on titlepage reads : Sit nomen domoni bene dictum ex hoc nunc et usque in seculum</subfield>
    </datafield>
    <datafield tag="505" ind1="0" ind2=" ">
      <subfield code="a">Logicae Lovaniensis tomus secundus</subfield>
    </datafield>
    <datafield tag="505" ind1="0" ind2=" ">
      <subfield code="a">* Proœmium philosophiae</subfield>
      <subfield code="g">p. 1-13</subfield>
    </datafield>
    <datafield tag="505" ind1="0" ind2=" ">
      <subfield code="a">* Tractatus preluminaris in philosophiam in generali</subfield>
      <subfield code="g">p. 13-22</subfield>
    </datafield>
    <datafield tag="505" ind1="0" ind2=" ">
      <subfield code="a">** Articulus primus Quid nam sit philosophia</subfield>
      <subfield code="g">p. 13-17</subfield>
    </datafield>
    <datafield tag="505" ind1="0" ind2=" ">
      <subfield code="a">** Articulus secundus De causa materiali, finali, et effectrice philosophiae</subfield>
      <subfield code="g">p. 17-22</subfield>
    </datafield>
    <datafield tag="505" ind1="0" ind2=" ">
      <subfield code="a">* Prima philosophiae pars logica</subfield>
      <subfield code="g">p. 22-135</subfield>
    </datafield>
    <datafield tag="505" ind1="0" ind2=" ">
      <subfield code="a">** Logicae proœmium</subfield>
      <subfield code="g">p. 22-23</subfield>
    </datafield>
    <datafield tag="505" ind1="0" ind2=" ">
      <subfield code="a">*** Caput primum</subfield>
      <subfield code="g">p. 23-56</subfield>
    </datafield>
    <datafield tag="505" ind1="0" ind2=" ">
      <subfield code="a">*** Articulus primus Quid sit logica</subfield>
      <subfield code="g">p. 23-31</subfield>
    </datafield>
    <datafield tag="505" ind1="0" ind2=" ">
      <subfield code="a">*** Articulus secundus Tractatus primus De instrumentis sciendi</subfield>
      <subfield code="g">p. 31-56</subfield>
    </datafield>
    <datafield tag="505" ind1="0" ind2=" ">
      <subfield code="a">**** Paragraphus primus De definitione</subfield>
      <subfield code="g">p. 31-37</subfield>
    </datafield>
    <datafield tag="505" ind1="0" ind2=" ">
      <subfield code="a">**** Paragraphus secundus De divisione</subfield>
      <subfield code="g">p. 38-40</subfield>
    </datafield>
    <datafield tag="505" ind1="0" ind2=" ">
      <subfield code="a">**** Paragraphus tertius De argumentatione</subfield>
      <subfield code="g">p. 40-43</subfield>
    </datafield>
    <datafield tag="505" ind1="0" ind2=" ">
      <subfield code="a">**** Paragraphus quartus De modo disputandi</subfield>
      <subfield code="g">p. 43-49</subfield>
    </datafield>
    <datafield tag="505" ind1="0" ind2=" ">
      <subfield code="a">**** Paragraphus tertius [sic] De variis terminis qui in philosophia, et maxime in disputationbus freqenter occurrunt</subfield>
      <subfield code="g">p. 49-56</subfield>
    </datafield>
    <datafield tag="505" ind1="0" ind2=" ">
      <subfield code="a">* Logica sermocinalis</subfield>
      <subfield code="g">p. 56-336</subfield>
    </datafield>
    <datafield tag="505" ind1="0" ind2=" ">
      <subfield code="a">** Liber primus De signis et vocibus</subfield>
      <subfield code="g">p. 56-135</subfield>
    </datafield>
    <datafield tag="505" ind1="0" ind2=" ">
      <subfield code="a">*** Caput primum De signis eroumque divisionibus</subfield>
      <subfield code="g">p. 57-59</subfield>
    </datafield>
    <datafield tag="505" ind1="0" ind2=" ">
      <subfield code="a">*** Caput secundum De vocibus earumque divisione et habitudine</subfield>
      <subfield code="g">p. 60-76</subfield>
    </datafield>
    <datafield tag="505" ind1="0" ind2=" ">
      <subfield code="a">**** Paragraphus primus De voce generatim et de significato vocis</subfield>
      <subfield code="g">p. 63-67</subfield>
    </datafield>
    <datafield tag="505" ind1="0" ind2=" ">
      <subfield code="a">**** Paragraphus secundus De voce simplici et complexa,  item concreta et abstracta</subfield>
      <subfield code="g">p. 67-71</subfield>
    </datafield>
    <datafield tag="505" ind1="0" ind2=" ">
      <subfield code="a">**** Paragraphus tertius De voce univoca et aequivoca</subfield>
      <subfield code="g">p. 71-73</subfield>
    </datafield>
    <datafield tag="505" ind1="0" ind2=" ">
      <subfield code="a">**** Paragraphus quartus De voce communi et singulari,  aliis quae divisionibus</subfield>
      <subfield code="g">p. 74-76</subfield>
    </datafield>
    <datafield tag="505" ind1="0" ind2=" ">
      <subfield code="a">*** Caput secundum De habitudinibus vocum</subfield>
      <subfield code="g">p. 77-105</subfield>
    </datafield>
    <datafield tag="505" ind1="0" ind2=" ">
      <subfield code="a">**** Paragraphus primus Quid et quotuplex sit habitudo vocum</subfield>
      <subfield code="g">p. 77-81</subfield>
    </datafield>
    <datafield tag="505" ind1="0" ind2=" ">
      <subfield code="a">**** Paragraphus primus [sic] Habitudinum vocum ac primo de convertibilibus</subfield>
      <subfield code="g">p. 81-83</subfield>
    </datafield>
    <datafield tag="505" ind1="0" ind2=" ">
      <subfield code="a">**** Paragraphus secundus De magis et minus communibus</subfield>
      <subfield code="g">p. 84-86</subfield>
    </datafield>
    <datafield tag="505" ind1="0" ind2=" ">
      <subfield code="a">**** Paragraphus tertius De excedentibus et excessis</subfield>
      <subfield code="g">p. 87-89</subfield>
    </datafield>
    <datafield tag="505" ind1="0" ind2=" ">
      <subfield code="a">**** Paragraphus quartus De repugnantibus</subfield>
      <subfield code="g">p. 89-90</subfield>
    </datafield>
    <datafield tag="505" ind1="0" ind2=" ">
      <subfield code="a">**** Paragraphus quintus De contradictoriis vocum generatim</subfield>
      <subfield code="g">p. 90-91</subfield>
    </datafield>
    <datafield tag="505" ind1="0" ind2=" ">
      <subfield code="a">**** Appendix prima - [Appendix secunda]</subfield>
      <subfield code="g">p. 92-105</subfield>
    </datafield>
    <datafield tag="505" ind1="0" ind2=" ">
      <subfield code="a">*** Caput tertium De variis vocum affectionibus</subfield>
      <subfield code="g">p. 106-135</subfield>
    </datafield>
    <datafield tag="505" ind1="0" ind2=" ">
      <subfield code="a">**** Paragraphus primus De determinatione</subfield>
      <subfield code="g">p. 108-111</subfield>
    </datafield>
    <datafield tag="505" ind1="0" ind2=" ">
      <subfield code="a">**** Paragraphus secundus De acceptionibus vocum ac primo de acceptione formali et materiali,  item de simplici personali et absoluta</subfield>
      <subfield code="g">p. 111-118</subfield>
    </datafield>
    <datafield tag="505" ind1="0" ind2=" ">
      <subfield code="a">**** Paragraphus tertius De acceptione copulativa et copulata, item de disjunctiva et disjuncta</subfield>
      <subfield code="g">p. 118-125</subfield>
    </datafield>
    <datafield tag="505" ind1="0" ind2=" ">
      <subfield code="a">**** Paragraphus quartus De acceptione copulativa</subfield>
      <subfield code="g">p. 125-127</subfield>
    </datafield>
    <datafield tag="505" ind1="0" ind2=" ">
      <subfield code="a">**** Paragraphus quintus De acceptione disjunctiva</subfield>
      <subfield code="g">p. 127-128</subfield>
    </datafield>
    <datafield tag="505" ind1="0" ind2=" ">
      <subfield code="a">**** Paragraphus sextus De acceptione disjuncta</subfield>
      <subfield code="g">p. 129-130</subfield>
    </datafield>
    <datafield tag="505" ind1="0" ind2=" ">
      <subfield code="a">**** Paragraphus septimus De reliquis vocum acceptionibus</subfield>
      <subfield code="g">p. 130-135</subfield>
    </datafield>
    <datafield tag="505" ind1="0" ind2=" ">
      <subfield code="a">** Liber secundus De enuntiatione</subfield>
      <subfield code="g">p. 135-244</subfield>
    </datafield>
    <datafield tag="505" ind1="0" ind2=" ">
      <subfield code="a">*** Caput primum</subfield>
      <subfield code="g">p. 135-189</subfield>
    </datafield>
    <datafield tag="505" ind1="0" ind2=" ">
      <subfield code="a">**** Sectio prima De enuntiatione generatim</subfield>
      <subfield code="g">p. 136-169</subfield>
    </datafield>
    <datafield tag="505" ind1="0" ind2=" ">
      <subfield code="a">***** Paragraphus primus De natura enuntiationis</subfield>
      <subfield code="g">p. 136-137</subfield>
    </datafield>
    <datafield tag="505" ind1="0" ind2=" ">
      <subfield code="a">***** Paragraphus secundus De oratione</subfield>
      <subfield code="g">p. 137-141</subfield>
    </datafield>
    <datafield tag="505" ind1="0" ind2=" ">
      <subfield code="a">***** Paragraphus quintus [sic] De qualitate et quantitate enuntiatione sive propositionis</subfield>
      <subfield code="g">p. 141-148</subfield>
    </datafield>
    <datafield tag="505" ind1="0" ind2=" ">
      <subfield code="a">***** Paragraphus tertius De veritate et falsitate enuntiationis</subfield>
      <subfield code="g">p. 148-160</subfield>
    </datafield>
    <datafield tag="505" ind1="0" ind2=" ">
      <subfield code="a">***** Paragraphus quartus De enuntiatione veraci et mendaci</subfield>
      <subfield code="g">p. 160-165</subfield>
    </datafield>
    <datafield tag="505" ind1="0" ind2=" ">
      <subfield code="a">***** Paragraphus quintus De necessitate, impossibilitate et contingentia enuntiationis</subfield>
      <subfield code="g">p. 165-169</subfield>
    </datafield>
    <datafield tag="505" ind1="0" ind2=" ">
      <subfield code="a">**** Sectio secunda De enuntiatione simplici et complexa</subfield>
      <subfield code="g">p. 170-182</subfield>
    </datafield>
    <datafield tag="505" ind1="0" ind2=" ">
      <subfield code="a">***** Paragraphus primus De enuntiatione simplici sive propositione et ejus divisione</subfield>
      <subfield code="g">p. 170-173</subfield>
    </datafield>
    <datafield tag="505" ind1="0" ind2=" ">
      <subfield code="a">***** Paragraphus secundus De enuntiatione complexa sive includente et incidente sive exclusa</subfield>
      <subfield code="g">p. 173-175</subfield>
    </datafield>
    <datafield tag="505" ind1="0" ind2=" ">
      <subfield code="a">***** Paragraphus tertius De propositionibus modalibus</subfield>
      <subfield code="g">p. 175-177</subfield>
    </datafield>
    <datafield tag="505" ind1="0" ind2=" ">
      <subfield code="a">***** Paragraphus quartus De propositionibus exponibilibus</subfield>
      <subfield code="g">p. 177-182</subfield>
    </datafield>
    <datafield tag="505" ind1="0" ind2=" ">
      <subfield code="a">**** Sectio tertia De enuntiatione compositis</subfield>
      <subfield code="g">p. 182-186</subfield>
    </datafield>
    <datafield tag="505" ind1="0" ind2=" ">
      <subfield code="a">***** Paragraphus primus De illatione propositionum</subfield>
      <subfield code="g">p. 183-186</subfield>
    </datafield>
    <datafield tag="505" ind1="0" ind2=" ">
      <subfield code="a">**** Sectio quarta De proprietatibus et affectionibus enuntiationum</subfield>
      <subfield code="g">p. 186-189</subfield>
    </datafield>
    <datafield tag="505" ind1="0" ind2=" ">
      <subfield code="a">***** Paragraphus secundus De subalternantibus, oppositis et subalternatis</subfield>
      <subfield code="g">p. 188</subfield>
    </datafield>
    <datafield tag="505" ind1="0" ind2=" ">
      <subfield code="a">**** Haec sunt propria quae spectant ad conversionem et aequipolentiam</subfield>
      <subfield code="g">p. 188b-189</subfield>
    </datafield>
    <datafield tag="505" ind1="0" ind2=" ">
      <subfield code="a">**** Paragraphus tertius De conversione et aequipolentia</subfield>
      <subfield code="g">p. 189</subfield>
    </datafield>
    <datafield tag="505" ind1="0" ind2=" ">
      <subfield code="a">*** Caput secundum De enuntiationibus compositis</subfield>
      <subfield code="g">p. 190-244</subfield>
    </datafield>
    <datafield tag="505" ind1="0" ind2=" ">
      <subfield code="a">**** Paragraphus primus De enuntiatione rationali, conditionali, causali, comparativa et discretiva</subfield>
      <subfield code="g">p. 190-244</subfield>
    </datafield>
    <datafield tag="505" ind1="0" ind2=" ">
      <subfield code="a">***** Exercitatio scholastica in universam materiam de compositis</subfield>
      <subfield code="g">p. 192-195</subfield>
    </datafield>
    <datafield tag="505" ind1="0" ind2=" ">
      <subfield code="a">***** De enuntiationibus repugnantibus specialius</subfield>
      <subfield code="g">p. 195-207</subfield>
    </datafield>
    <datafield tag="505" ind1="0" ind2=" ">
      <subfield code="a">***** De oppositis et subalternis</subfield>
      <subfield code="g">p. 207-208</subfield>
    </datafield>
    <datafield tag="505" ind1="0" ind2=" ">
      <subfield code="a">***** Appendix prima - [Appendix secunda]</subfield>
      <subfield code="g">p. 208-244</subfield>
    </datafield>
    <datafield tag="505" ind1="0" ind2=" ">
      <subfield code="a">** Liber tertius Logica sermocinalis De argumentatione materiali seu topica</subfield>
      <subfield code="g">p. 244-336</subfield>
    </datafield>
    <datafield tag="505" ind1="0" ind2=" ">
      <subfield code="a">*** Caput primum De argumentatione materiali seu maxima topica</subfield>
      <subfield code="g">p. 245-336</subfield>
    </datafield>
    <datafield tag="505" ind1="0" ind2=" ">
      <subfield code="a">**** Paragraphus primus De argumentatione topica generaliter</subfield>
      <subfield code="g">p. 245-247</subfield>
    </datafield>
    <datafield tag="505" ind1="0" ind2=" ">
      <subfield code="a">**** Paragraphus secundus De locis magis famosis</subfield>
      <subfield code="g">p. 247-249</subfield>
    </datafield>
    <datafield tag="505" ind1="0" ind2=" ">
      <subfield code="a">**** Paragraphus tertius De locis minus famosis</subfield>
      <subfield code="g">p. 249-260</subfield>
    </datafield>
    <datafield tag="505" ind1="0" ind2=" ">
      <subfield code="a">**** Exercitatio scholastica de topicis quaedam gratia proponuntur</subfield>
      <subfield code="g">p. 261-286</subfield>
    </datafield>
    <datafield tag="505" ind1="0" ind2=" ">
      <subfield code="a">**** Appendix prima De unica propositione</subfield>
      <subfield code="g">p. 286-298</subfield>
    </datafield>
    <datafield tag="505" ind1="0" ind2=" ">
      <subfield code="a">***** Appendix secunda De duabus propositionibus</subfield>
      <subfield code="g">p. 298-322</subfield>
    </datafield>
    <datafield tag="505" ind1="0" ind2=" ">
      <subfield code="a">**** Appendix tertia et ultima De unica et duabus propositionibus mixtim</subfield>
      <subfield code="g">p. 322-336</subfield>
    </datafield>
    <datafield tag="505" ind1="0" ind2=" ">
      <subfield code="a">* Quaestiones philosphiae quotidianae</subfield>
      <subfield code="g">p. 337-356</subfield>
    </datafield>
    <datafield tag="505" ind1="0" ind2=" ">
      <subfield code="a">* Quaestiones quotidianae de vocibus</subfield>
      <subfield code="g">p. 357-368</subfield>
    </datafield>
    <datafield tag="505" ind1="0" ind2=" ">
      <subfield code="a">* Quaestiones de syllogismis</subfield>
      <subfield code="g">p. 369-383</subfield>
    </datafield>
    <datafield tag="505" ind1="0" ind2=" ">
      <subfield code="a">* Quaestio quaedam supplendae paginae gratia</subfield>
      <subfield code="g">p. 384</subfield>
    </datafield>
    <datafield tag="505" ind1="0" ind2=" ">
      <subfield code="a">* Quaestiones de compositis</subfield>
      <subfield code="g">p. 385-392</subfield>
    </datafield>
    <datafield tag="505" ind1="0" ind2=" ">
      <subfield code="a">* Quaestiones de topicis</subfield>
      <subfield code="g">p. 392-400</subfield>
    </datafield>
    <datafield tag="505" ind1="0" ind2=" ">
      <subfield code="a">* Exercitatio scholastica de vocibus praemittuntur quaedam generalia</subfield>
      <subfield code="g">p. 401-427</subfield>
    </datafield>
    <datafield tag="505" ind1="0" ind2=" ">
      <subfield code="a">* Appendix prima</subfield>
      <subfield code="g">p. 428-470</subfield>
    </datafield>
    <datafield tag="505" ind1="0" ind2=" ">
      <subfield code="a">* Appendix secunda</subfield>
      <subfield code="g">p. 470-500</subfield>
    </datafield>
    <datafield tag="505" ind1="0" ind2=" ">
      <subfield code="a">* Appendix tertia de tribus vocibus</subfield>
      <subfield code="g">p. 501-504</subfield>
    </datafield>
    <datafield tag="505" ind1="0" ind2=" ">
      <subfield code="a">* Index rerum tomi secundi</subfield>
      <subfield code="g">p. 505-509</subfield>
    </datafield>
    <datafield tag="505" ind1="0" ind2=" ">
      <subfield code="a">* Quamque subtiles ingenio ac labore suo apprehendent</subfield>
      <subfield code="g">p. 510</subfield>
    </datafield>
    <datafield tag="505" ind1="0" ind2=" ">
      <subfield code="a">* Errata facile corriges</subfield>
      <subfield code="g">p. 511</subfield>
    </datafield>
    <datafield tag="546" ind1=" " ind2=" ">
      <subfield code="a">Latin</subfield>
    </datafield>
    <datafield tag="653" ind1=" " ind2="6">
      <subfield code="a">Manuscripts</subfield>
    </datafield>
    <datafield tag="653" ind1=" " ind2="6">
      <subfield code="a">Lecture notes</subfield>
    </datafield>
    <datafield tag="700" ind1="1" ind2=" ">
      <subfield code="a">Audenaert, Aegidius Franciscus</subfield>
      <subfield code="3">professor secundarius</subfield>
      <subfield code="4">pfs</subfield>
    </datafield>
    <datafield tag="700" ind1="1" ind2=" ">
      <subfield code="a">Devisscher, Christophorus</subfield>
      <subfield code="4">stu</subfield>
    </datafield>
    <datafield tag="700" ind1="1" ind2=" ">
      <subfield code="a">Denique, Petrus Augustinus</subfield>
      <subfield code="g">engraver</subfield>
      <subfield code="4">egr</subfield>
    </datafield>
    <datafield tag="700" ind1="1" ind2=" ">
      <subfield code="a">Haye, Michael</subfield>
      <subfield code="d">?-1676</subfield>
      <subfield code="g">Flemish printmaker, draftsman and publisher</subfield>
      <subfield code="4">egr</subfield>
    </datafield>
    <datafield tag="700" ind1="1" ind2=" ">
      <subfield code="a">Huybrechts, Peeter</subfield>
      <subfield code="d">1614-1660</subfield>
      <subfield code="g">Flemish printmaker and publisher</subfield>
      <subfield code="4">egr</subfield>
    </datafield>
    <datafield tag="830" ind1=" " ind2="0">
      <subfield code="a">Topica</subfield>
    </datafield>
    <datafield tag="830" ind1=" " ind2="0">
      <subfield code="a">Prooemium in Logicam</subfield>
    </datafield>
    <datafield tag="830" ind1=" " ind2="0">
      <subfield code="a">Prolegomena philosophiae</subfield>
    </datafield>
    <datafield tag="830" ind1=" " ind2="0">
      <subfield code="a">De signo</subfield>
    </datafield>
    <datafield tag="830" ind1=" " ind2="0">
      <subfield code="a">De enuntiatione</subfield>
    </datafield>
    <datafield tag="830" ind1=" " ind2="0">
      <subfield code="a">De argumentatione materiali</subfield>
    </datafield>
    <datafield tag="856" ind1="4" ind2="0">
      <subfield code="u">http://resolver.lias.be/get_pid?view&amp;usagetype=VIEW_MAIN,VIEW&amp;pid=1028214</subfield>
      <subfield code="y">Online version in LIAS</subfield>
    </datafield>
    <datafield tag="852" ind1=" " ind2=" ">
      <subfield code="8">22321029570001488</subfield>
      <subfield code="b">GBIB</subfield>
      <subfield code="c">GBIB</subfield>
      <subfield code="h">PM0327</subfield>
    </datafield>
    <datafield tag="900" ind1=" " ind2=" ">
      <subfield code="a">CONSOLIDATED RECORD</subfield>
      <subfield code="b">KU Leuven</subfield>
    </datafield>
    <datafield tag="950" ind1=" " ind2=" ">
      <subfield code="a">1</subfield>
      <subfield code="b">engraved titlepage</subfield>
      <subfield code="c">Aristoteles, Plato and sign of the Castle (Apud P. Denique Lovanii)</subfield>
    </datafield>
    <datafield tag="950" ind1=" " ind2=" ">
      <subfield code="a">p. 58b :</subfield>
      <subfield code="b">engraving(s)</subfield>
      <subfield code="c">De signo pratico</subfield>
    </datafield>
    <datafield tag="950" ind1=" " ind2=" ">
      <subfield code="a">p. 60b  :</subfield>
      <subfield code="b">engraving(s)</subfield>
      <subfield code="c">De signo demonstratiuo</subfield>
    </datafield>
    <datafield tag="950" ind1=" " ind2=" ">
      <subfield code="a">p. 72b :</subfield>
      <subfield code="b">engraving(s)</subfield>
      <subfield code="c">De eqvivocis (Michiel.Haye. exe. / P. Huybrechts fecit)</subfield>
    </datafield>
    <datafield tag="950" ind1=" " ind2=" ">
      <subfield code="a">p. 88b :</subfield>
      <subfield code="b">engraving(s)</subfield>
      <subfield code="c">Repugnantia</subfield>
    </datafield>
    <datafield tag="950" ind1=" " ind2=" ">
      <subfield code="a">p. 136b :</subfield>
      <subfield code="b">engraving(s)</subfield>
      <subfield code="c">De Oratione</subfield>
    </datafield>
    <datafield tag="950" ind1=" " ind2=" ">
      <subfield code="a">p. 170b  :</subfield>
      <subfield code="b">engraving(s)</subfield>
      <subfield code="c">De Verbo</subfield>
    </datafield>
    <datafield tag="950" ind1=" " ind2=" ">
      <subfield code="a">p. 206b :</subfield>
      <subfield code="b">engraving(s)</subfield>
      <subfield code="c">Tabvla oppositarvm (Apud P. Denique Lovanii.)</subfield>
    </datafield>
    <datafield tag="952" ind1=" " ind2=" ">
      <subfield code="d">Leuven (Louvain)</subfield>
      <subfield code="e">Pedagogie De Burcht</subfield>
      <subfield code="0">(ODIS-ORG)35503</subfield>
      <subfield code="f">Faculty of Arts, Paedagogium Castri</subfield>
    </datafield>
    <datafield tag="953" ind1=" " ind2=" ">
      <subfield code="b">1701-1800</subfield>
    </datafield>
    <datafield tag="996" ind1=" " ind2=" ">
      <subfield code="a">GBIB</subfield>
      <subfield code="b">physical</subfield>
      <subfield code="c">201509</subfield>
      <subfield code="d">Lectio Magister dixit</subfield>
    </datafield>
  </record>