
  <record>
    <leader>09555ntm a2201585 u 4500</leader>
    <controlfield tag="001">9977438360101488</controlfield>
    <controlfield tag="005">20151221075416.0</controlfield>
    <controlfield tag="008">101027s1669    xx      |     000 0 lat c</controlfield>
    <datafield tag="035" ind1=" " ind2=" ">
      <subfield code="a">(BeLVLBS)007743836LBS01-Aleph</subfield>
    </datafield>
    <datafield tag="035" ind1=" " ind2=" ">
      <subfield code="a">(EXLNZ-32KUL_LIBIS_NETWORK)9977438360101471</subfield>
    </datafield>
    <datafield tag="245" ind1="0" ind2="0">
      <subfield code="a">Tractatus de acceptione vocis.</subfield>
    </datafield>
    <datafield tag="260" ind1=" " ind2=" ">
      <subfield code="c">1669.</subfield>
    </datafield>
    <datafield tag="300" ind1=" " ind2=" ">
      <subfield code="a">107 f.</subfield>
      <subfield code="b">ill.</subfield>
      <subfield code="c">198 x 155 mm.</subfield>
    </datafield>
    <datafield tag="300" ind1=" " ind2=" ">
      <subfield code="a">Cardboard binding ; boards covered with remnants of marbled paper</subfield>
    </datafield>
    <datafield tag="336" ind1=" " ind2=" ">
      <subfield code="a">text</subfield>
      <subfield code="2">rdacontent</subfield>
    </datafield>
    <datafield tag="337" ind1=" " ind2=" ">
      <subfield code="a">unmediated</subfield>
      <subfield code="2">rdamedia</subfield>
    </datafield>
    <datafield tag="338" ind1=" " ind2=" ">
      <subfield code="a">volume</subfield>
      <subfield code="2">rdacarrier</subfield>
    </datafield>
    <datafield tag="340" ind1=" " ind2=" ">
      <subfield code="e">Paper</subfield>
    </datafield>
    <datafield tag="351" ind1=" " ind2=" ">
      <subfield code="a">Band in karton ; restanten van gemarmerde papier op de platten.</subfield>
    </datafield>
    <datafield tag="500" ind1=" " ind2=" ">
      <subfield code="a">Title created by cataloguer</subfield>
    </datafield>
    <datafield tag="505" ind1="0" ind2=" ">
      <subfield code="a">[Tractatus secundus]</subfield>
      <subfield code="g">f. 2r-28r</subfield>
    </datafield>
    <datafield tag="505" ind1="0" ind2=" ">
      <subfield code="a">* Quaestio prima Quid et quotuplex sit acceptio vocis</subfield>
      <subfield code="g">f. 2r-2v</subfield>
    </datafield>
    <datafield tag="505" ind1="0" ind2=" ">
      <subfield code="a">* Quaestio secunda Quid acceptio materialis</subfield>
      <subfield code="g">f. 2v-4r</subfield>
    </datafield>
    <datafield tag="505" ind1="0" ind2=" ">
      <subfield code="a">* Quaestio tertia Quid acceptio simplex</subfield>
      <subfield code="g">f. 4r-5r</subfield>
    </datafield>
    <datafield tag="505" ind1="0" ind2=" ">
      <subfield code="a">* Quaestio quarta Quid acceptio absoluta</subfield>
      <subfield code="g">f. 5r-5v</subfield>
    </datafield>
    <datafield tag="505" ind1="0" ind2=" ">
      <subfield code="a">* Quaestio quinta Quid acceptio simplex</subfield>
      <subfield code="g">f. 5v-7r</subfield>
    </datafield>
    <datafield tag="505" ind1="0" ind2=" ">
      <subfield code="a">* Quaestio sexta Quid acceptio personalis</subfield>
      <subfield code="g">f. 7r-8v</subfield>
    </datafield>
    <datafield tag="505" ind1="0" ind2=" ">
      <subfield code="a">* Quaestio septima Quid acceptio copulativa</subfield>
      <subfield code="g">f. 8v-12r</subfield>
    </datafield>
    <datafield tag="505" ind1="0" ind2=" ">
      <subfield code="a">* Quaestio octava Quid acceptio copulata</subfield>
      <subfield code="g">f. 12r-13v</subfield>
    </datafield>
    <datafield tag="505" ind1="0" ind2=" ">
      <subfield code="a">* Quaestio nona Quid acceptio disiunctiva</subfield>
      <subfield code="g">f. 13v-15r</subfield>
    </datafield>
    <datafield tag="505" ind1="0" ind2=" ">
      <subfield code="a">* Quaestio decima Quid acceptio disiuncta</subfield>
      <subfield code="g">f. 15r-16v</subfield>
    </datafield>
    <datafield tag="505" ind1="0" ind2=" ">
      <subfield code="a">* Quaestio undecima Quid distributio plena et non plena</subfield>
      <subfield code="g">f. 16v-19v</subfield>
    </datafield>
    <datafield tag="505" ind1="0" ind2=" ">
      <subfield code="a">* Quaestio duodecima Quid distributio dependens et independens</subfield>
      <subfield code="g">f. 19v-22v</subfield>
    </datafield>
    <datafield tag="505" ind1="0" ind2=" ">
      <subfield code="a">* Quaestio decima tertia Quid ampliatio status et distractio vocis</subfield>
      <subfield code="g">f. 22v-23r</subfield>
    </datafield>
    <datafield tag="505" ind1="0" ind2=" ">
      <subfield code="a">* Regulae ampliationis</subfield>
      <subfield code="g">f. 23r-25r</subfield>
    </datafield>
    <datafield tag="505" ind1="0" ind2=" ">
      <subfield code="a">* De modo quo debent enumerari tempora ad qua sit ampliatio</subfield>
      <subfield code="g">f. 25r-26v</subfield>
    </datafield>
    <datafield tag="505" ind1="0" ind2=" ">
      <subfield code="a">* Regula status</subfield>
      <subfield code="g">f. 25v-26r</subfield>
    </datafield>
    <datafield tag="505" ind1="0" ind2=" ">
      <subfield code="a">* Regula distractionis</subfield>
      <subfield code="g">f. 26r-27r</subfield>
    </datafield>
    <datafield tag="505" ind1="0" ind2=" ">
      <subfield code="a">* Quaestio decima quarta Quid sit appellatio</subfield>
      <subfield code="g">f. 27v-28r</subfield>
    </datafield>
    <datafield tag="505" ind1="0" ind2=" ">
      <subfield code="a">Tractatus tertius De Argumentatione</subfield>
      <subfield code="g">f. 28v-86v</subfield>
    </datafield>
    <datafield tag="505" ind1="0" ind2=" ">
      <subfield code="a">* Quaestio prima Quid sit nomen</subfield>
      <subfield code="g">f. 30r-30v</subfield>
    </datafield>
    <datafield tag="505" ind1="0" ind2=" ">
      <subfield code="a">* Quaestio secunda Quid sit verbum</subfield>
      <subfield code="g">f. 30v-31r</subfield>
    </datafield>
    <datafield tag="505" ind1="0" ind2=" ">
      <subfield code="a">* De scãtis verbis</subfield>
      <subfield code="g">f. 31r-33r</subfield>
    </datafield>
    <datafield tag="505" ind1="0" ind2=" ">
      <subfield code="a">* Quaestio tertia Quid et quotuplex sit oratio</subfield>
      <subfield code="g">f. 33v-37r</subfield>
    </datafield>
    <datafield tag="505" ind1="0" ind2=" ">
      <subfield code="a">* Quaestio quarta Quid sit enuntiatio</subfield>
      <subfield code="g">f. 37r-38v</subfield>
    </datafield>
    <datafield tag="505" ind1="0" ind2=" ">
      <subfield code="a">* Quaestio quinta Quid enuntiatio necessaria, impossibilis et contingens</subfield>
      <subfield code="g">f. 38v-39v</subfield>
    </datafield>
    <datafield tag="505" ind1="0" ind2=" ">
      <subfield code="a">* Quaestio sexta Quid sit enuntiatio simplex et composita</subfield>
      <subfield code="g">f. 39v-41v</subfield>
    </datafield>
    <datafield tag="505" ind1="0" ind2=" ">
      <subfield code="a">* Quaestio septima Quid sit enuntiatio affirmativa negativa simplicis et mixtae qualitatis</subfield>
      <subfield code="g">f. 41v-42v</subfield>
    </datafield>
    <datafield tag="505" ind1="0" ind2=" ">
      <subfield code="a">* Quaestio octava Quid propositio de est secundo adiacente et de est tertio adiacente</subfield>
      <subfield code="g">f. 42v-44r</subfield>
    </datafield>
    <datafield tag="505" ind1="0" ind2=" ">
      <subfield code="a">* Quaestio nona Quid propositio quanta et non quanta</subfield>
      <subfield code="g">f. 44r-47r</subfield>
    </datafield>
    <datafield tag="505" ind1="0" ind2=" ">
      <subfield code="a">* Quaestio decima Quotuplex sit predicatio</subfield>
      <subfield code="g">f. 47r-49r</subfield>
    </datafield>
    <datafield tag="505" ind1="0" ind2=" ">
      <subfield code="a">* Quaestio undecima Quotuplex sit enuntiatio composita</subfield>
      <subfield code="g">f. 49r-51r</subfield>
    </datafield>
    <datafield tag="505" ind1="0" ind2=" ">
      <subfield code="a">* Quaestio duodecima Quae sint requisita ad veritatem falsitatem etc. enuntiationis copulativa</subfield>
      <subfield code="g">f. 51r-52v</subfield>
    </datafield>
    <datafield tag="505" ind1="0" ind2=" ">
      <subfield code="a">* Quaestio decima tertia Quae sint requisita ad veritatem falsitatem etc. enuntiationis disiunctivae</subfield>
      <subfield code="g">f. 52v-54r</subfield>
    </datafield>
    <datafield tag="505" ind1="0" ind2=" ">
      <subfield code="a">* Quaestio decima quarta Quae sint requisita ad veritatem falsitatem etc. enuntiationis conditionalis illustrativa et non illustrativa</subfield>
      <subfield code="g">f. 54r-56r</subfield>
    </datafield>
    <datafield tag="505" ind1="0" ind2=" ">
      <subfield code="a">* Quaestio decima quinta Quae sint requisita ad veritatem falsitatem etc. enuntiationis rationalis</subfield>
      <subfield code="g">f. 56r-57r</subfield>
    </datafield>
    <datafield tag="505" ind1="0" ind2=" ">
      <subfield code="a">* Quaestio decima sexta Quae sint requisita ad veritatem falsitatem enuntiationis causalis</subfield>
      <subfield code="g">f. 57r-58r</subfield>
    </datafield>
    <datafield tag="505" ind1="0" ind2=" ">
      <subfield code="a">* Quaestio decima septima Quid sit enuntiatio modalis etc.</subfield>
      <subfield code="g">f. 60r</subfield>
    </datafield>
    <datafield tag="505" ind1="0" ind2=" ">
      <subfield code="a">* Quaestio decima octava Quaenam enuntiationes modales habeant sensum compositum et divisum</subfield>
      <subfield code="g">f. 60r-61r</subfield>
    </datafield>
    <datafield tag="505" ind1="0" ind2=" ">
      <subfield code="a">* Quaestio decima nona Quid et quotuplex sit enuntiatio exponibilis</subfield>
      <subfield code="g">f. 61r</subfield>
    </datafield>
    <datafield tag="505" ind1="0" ind2=" ">
      <subfield code="a">* Quaestio vigesima Quid sint enuntiationes exclusivae et quomodo exponantur</subfield>
      <subfield code="g">f. 61r-61v</subfield>
    </datafield>
    <datafield tag="505" ind1="0" ind2=" ">
      <subfield code="a">* Quaestio vigesma prima Quid sint enuntiationes exceptivae et quomodo exponantur</subfield>
      <subfield code="g">f. 61v-61v</subfield>
    </datafield>
    <datafield tag="505" ind1="0" ind2=" ">
      <subfield code="a">* Quaestio vigesima secunda Quid sint enuntiationes inchoativae et desitivae et quomodo exponantur</subfield>
      <subfield code="g">f. 62r</subfield>
    </datafield>
    <datafield tag="505" ind1="0" ind2=" ">
      <subfield code="a">* Quaestio vigesima tertia Quid sint enuntiationes comparativae et quomodo exponantur</subfield>
      <subfield code="g">f. 62v-63r</subfield>
    </datafield>
    <datafield tag="505" ind1="0" ind2=" ">
      <subfield code="a">* Quaestio vigesima quarta Quid sint enuntiationes reduplicativae et quomodo exponantur</subfield>
      <subfield code="g">f. 63r-63v</subfield>
    </datafield>
    <datafield tag="505" ind1="0" ind2=" ">
      <subfield code="a">* Quaestio vigesima quinta Quid sint propositiones repugnantes</subfield>
      <subfield code="g">f. 66r-67r</subfield>
    </datafield>
    <datafield tag="505" ind1="0" ind2=" ">
      <subfield code="a">* Quaestio vigesima sexta Regular propositionum repugnantium</subfield>
      <subfield code="g">f. 67r-71r</subfield>
    </datafield>
    <datafield tag="505" ind1="0" ind2=" ">
      <subfield code="a">* Quaestio vigesima septima Quid sint opposita</subfield>
      <subfield code="g">f. 71r-73v</subfield>
    </datafield>
    <datafield tag="505" ind1="0" ind2=" ">
      <subfield code="a">* Quaestio vigesima octava Quid sint contradictoria et qua sit lex</subfield>
      <subfield code="g">f. 73v-75r</subfield>
    </datafield>
    <datafield tag="505" ind1="0" ind2=" ">
      <subfield code="a">* Quaestio vigesima nona Quid sint contraria et qua sit lex contrariarum</subfield>
      <subfield code="g">f. 75v-76v</subfield>
    </datafield>
    <datafield tag="505" ind1="0" ind2=" ">
      <subfield code="a">* Quaestio trigesima Quid sint subcontraria, et qua sit lex</subfield>
      <subfield code="g">f. 76v-78r</subfield>
    </datafield>
    <datafield tag="505" ind1="0" ind2=" ">
      <subfield code="a">* Quaestio trigesima prima Quid sint opposita late dicta</subfield>
      <subfield code="g">f. 78r-78v</subfield>
    </datafield>
    <datafield tag="505" ind1="0" ind2=" ">
      <subfield code="a">* Quaestio trigesima secunda Quid sint prositiones subalternae et qua sit lex</subfield>
      <subfield code="g">f. 78v-84r</subfield>
    </datafield>
    <datafield tag="505" ind1="0" ind2=" ">
      <subfield code="a">* Quaestio trigesima tertia Quibus modis procuretur equipollentia signorum</subfield>
      <subfield code="g">f. 84r-86v</subfield>
    </datafield>
    <datafield tag="505" ind1="0" ind2=" ">
      <subfield code="a">Commentaria in libros topicorum</subfield>
      <subfield code="g">f. 86r-107v</subfield>
    </datafield>
    <datafield tag="505" ind1="0" ind2=" ">
      <subfield code="a">* Quaestio prima Quid conceptus</subfield>
      <subfield code="g">f. 89r</subfield>
    </datafield>
    <datafield tag="505" ind1="0" ind2=" ">
      <subfield code="a">* Quaestio secunda Unde desumatur distinctio specifica conceptuum</subfield>
      <subfield code="g">f. 89v-90r</subfield>
    </datafield>
    <datafield tag="505" ind1="0" ind2=" ">
      <subfield code="a">* Quaestio tertia Quotuplex sit conceptus intellectivus</subfield>
      <subfield code="g">f. 90r-92v</subfield>
    </datafield>
    <datafield tag="505" ind1="0" ind2=" ">
      <subfield code="a">* Quaestio quarta Quid assensus et dissensus</subfield>
      <subfield code="g">f. 92v</subfield>
    </datafield>
    <datafield tag="505" ind1="0" ind2=" ">
      <subfield code="a">* Quaestio quinta Quotuplex sit assensus</subfield>
      <subfield code="g">f. 93r-97v</subfield>
    </datafield>
    <datafield tag="505" ind1="0" ind2=" ">
      <subfield code="a">* Quaestio sexta Quotuplex sit enuntiatio tertia</subfield>
      <subfield code="g">f. 97v-99r</subfield>
    </datafield>
    <datafield tag="505" ind1="0" ind2=" ">
      <subfield code="a">* Quaestio septima Quid enuntiatio primo et secundo vera</subfield>
      <subfield code="g">f. 99r-102r</subfield>
    </datafield>
    <datafield tag="505" ind1="0" ind2=" ">
      <subfield code="a">* Quaestio octava Quid enuntiatio dubia</subfield>
      <subfield code="g">f. 102r-102v</subfield>
    </datafield>
    <datafield tag="505" ind1="0" ind2=" ">
      <subfield code="a">* Quaestio nona Quid sint probabilia</subfield>
      <subfield code="g">f. 102v-104v</subfield>
    </datafield>
    <datafield tag="505" ind1="0" ind2=" ">
      <subfield code="a">* Divisio enuntiationis probabilis</subfield>
      <subfield code="g">f. 104v-105r</subfield>
    </datafield>
    <datafield tag="505" ind1="0" ind2=" ">
      <subfield code="a">* Subdivisio enuntiationis probabilis</subfield>
      <subfield code="g">f. 105r-107v</subfield>
    </datafield>
    <datafield tag="546" ind1=" " ind2=" ">
      <subfield code="a">Latin</subfield>
    </datafield>
    <datafield tag="653" ind1=" " ind2="6">
      <subfield code="a">Manuscripts</subfield>
    </datafield>
    <datafield tag="653" ind1=" " ind2="6">
      <subfield code="a">Lecture notes</subfield>
    </datafield>
    <datafield tag="700" ind1="1" ind2=" ">
      <subfield code="a">Damman, Petrus</subfield>
      <subfield code="d">1634-1692</subfield>
      <subfield code="4">pfs</subfield>
    </datafield>
    <datafield tag="700" ind1="1" ind2=" ">
      <subfield code="a">Blanche, Andreas</subfield>
      <subfield code="d">†1709</subfield>
      <subfield code="4">pfs</subfield>
    </datafield>
    <datafield tag="700" ind1="1" ind2=" ">
      <subfield code="a">van Cantelbeke, Henricus Joannes</subfield>
      <subfield code="4">stu</subfield>
    </datafield>
    <datafield tag="700" ind1="1" ind2=" ">
      <subfield code="a">Haye, Michael</subfield>
      <subfield code="d">?-1676</subfield>
      <subfield code="g">Flemish printmaker, draftsman and publisher</subfield>
      <subfield code="4">egr</subfield>
    </datafield>
    <datafield tag="700" ind1="1" ind2=" ">
      <subfield code="a">van Merlen, Theodor Joannes</subfield>
      <subfield code="b">II</subfield>
      <subfield code="d">1609-1672</subfield>
      <subfield code="4">egr</subfield>
    </datafield>
    <datafield tag="700" ind1="1" ind2=" ">
      <subfield code="a">de Hollander, Gaspar</subfield>
      <subfield code="c">Antwerpen</subfield>
      <subfield code="d">1650-1660</subfield>
      <subfield code="4">egr</subfield>
    </datafield>
    <datafield tag="856" ind1="4" ind2="0">
      <subfield code="u">http://resolver.lias.be/get_pid?view&amp;usagetype=VIEW_MAIN,VIEW&amp;pid=773240</subfield>
      <subfield code="y">Online version in LIAS</subfield>
    </datafield>
    <datafield tag="830" ind1=" " ind2="0">
      <subfield code="a">Topica</subfield>
    </datafield>
    <datafield tag="830" ind1=" " ind2="0">
      <subfield code="a">Peri hermeneias</subfield>
    </datafield>
    <datafield tag="830" ind1=" " ind2="0">
      <subfield code="a">De voce</subfield>
    </datafield>
    <datafield tag="830" ind1=" " ind2="0">
      <subfield code="a">De suppositione</subfield>
    </datafield>
    <datafield tag="830" ind1=" " ind2="0">
      <subfield code="a">De ratiocinio</subfield>
    </datafield>
    <datafield tag="830" ind1=" " ind2="0">
      <subfield code="a">De propositionibus</subfield>
    </datafield>
    <datafield tag="830" ind1=" " ind2="0">
      <subfield code="a">De interpretatione</subfield>
    </datafield>
    <datafield tag="830" ind1=" " ind2="0">
      <subfield code="a">De ideis</subfield>
    </datafield>
    <datafield tag="830" ind1=" " ind2="0">
      <subfield code="a">De enuntiatione</subfield>
    </datafield>
    <datafield tag="830" ind1=" " ind2="0">
      <subfield code="a">De discursu</subfield>
    </datafield>
    <datafield tag="830" ind1=" " ind2="0">
      <subfield code="a">De argumentatione</subfield>
    </datafield>
    <datafield tag="830" ind1=" " ind2="0">
      <subfield code="a">De appellatione</subfield>
    </datafield>
    <datafield tag="830" ind1=" " ind2="0">
      <subfield code="a">De ampliatione</subfield>
    </datafield>
    <datafield tag="830" ind1=" " ind2="0">
      <subfield code="a">De acceptione</subfield>
    </datafield>
    <datafield tag="852" ind1=" " ind2=" ">
      <subfield code="8">22317383720001488</subfield>
      <subfield code="b">BIBC</subfield>
      <subfield code="c">BRES</subfield>
      <subfield code="h">Ms. 209</subfield>
    </datafield>
    <datafield tag="900" ind1=" " ind2=" ">
      <subfield code="a">CONSOLIDATED RECORD</subfield>
      <subfield code="b">KU Leuven</subfield>
    </datafield>
    <datafield tag="950" ind1=" " ind2=" ">
      <subfield code="a">f. 2r, 2v, 4r, 5r, 5v, 7r, 8v, 12r, 13v, 15r, 16v, 19v, 22v, 23r, 25r, 25v, 26r, 27v, 30r, 30v, 31r, 33v, 37r, 38v, 39v, 41v, 42v, 44r, 47r, 49r, 51r, 52v, 54r, 56r, 57r, 60r, 61r, 61v, 62r, 62v, 63r, 66r, 67r, 71r, 73v, 75v, 76v, 78r, 78v, 84r, 86v, 89r, 89v, 90r, 92v, 93r, 97v, 99r, 102r, 102v, 104v, 105r : page with ornamental</subfield>
      <subfield code="b">initials</subfield>
    </datafield>
    <datafield tag="950" ind1=" " ind2=" ">
      <subfield code="a">f. 1r : engraved</subfield>
      <subfield code="b">portrait(s)</subfield>
      <subfield code="c">Ioannes Casimirvs Dei Gratiâ Rex Polniae ac Sueciæ etc. (Gaspar de Hollander excudit.)</subfield>
    </datafield>
    <datafield tag="950" ind1=" " ind2=" ">
      <subfield code="a">Pasted on f. 9r :</subfield>
      <subfield code="b">engraving(s)</subfield>
      <subfield code="c">Sig[nor]a Lucia. Trastullo</subfield>
    </datafield>
    <datafield tag="950" ind1=" " ind2=" ">
      <subfield code="a">f. 20r :</subfield>
      <subfield code="b">pen drawing(s)</subfield>
      <subfield code="c">two mendicants</subfield>
    </datafield>
    <datafield tag="950" ind1=" " ind2=" ">
      <subfield code="a">f. 28v :</subfield>
      <subfield code="b">pen drawing(s)</subfield>
      <subfield code="c">crowned lily with in banner &quot;Tractatvs tertivs De argvmentatione Anno 1669&quot;</subfield>
    </datafield>
    <datafield tag="950" ind1=" " ind2=" ">
      <subfield code="a">f. 29r : engraved</subfield>
      <subfield code="b">portrait(s)</subfield>
      <subfield code="c">Illustrissim. Heros Petrus Comes â Serini, etc. Turcarum Victor (Th van Merlen ex Antverpiæ)</subfield>
    </datafield>
    <datafield tag="950" ind1=" " ind2=" ">
      <subfield code="a">f. 33r :</subfield>
      <subfield code="b">pen drawing(s)</subfield>
      <subfield code="c">banner with text &quot;Laus Deo semper&quot;</subfield>
    </datafield>
    <datafield tag="950" ind1=" " ind2=" ">
      <subfield code="a">Pasted on f. 34r :</subfield>
      <subfield code="b">engraving(s)</subfield>
      <subfield code="c">Scapino. Cap[itano]: Zerbino</subfield>
    </datafield>
    <datafield tag="950" ind1=" " ind2=" ">
      <subfield code="a">Pasted on f. 43v :</subfield>
      <subfield code="b">engraving(s)</subfield>
      <subfield code="c">wandering couple</subfield>
    </datafield>
    <datafield tag="950" ind1=" " ind2=" ">
      <subfield code="a">f. 58r :</subfield>
      <subfield code="b">pen drawing(s)</subfield>
      <subfield code="c">banner with text &quot;Virtvte dvce, comite fortvna&quot;</subfield>
    </datafield>
    <datafield tag="950" ind1=" " ind2=" ">
      <subfield code="a">f. 58v :</subfield>
      <subfield code="b">pen drawing(s)</subfield>
      <subfield code="c">two caricatural figures</subfield>
    </datafield>
    <datafield tag="950" ind1=" " ind2=" ">
      <subfield code="a">f. 59v :</subfield>
      <subfield code="b">pen drawing(s)</subfield>
      <subfield code="c">three nobles with text &quot;Non ivvat ad mores tam bona forma malos A° 1669&quot;</subfield>
    </datafield>
    <datafield tag="950" ind1=" " ind2=" ">
      <subfield code="a">f. 63v :</subfield>
      <subfield code="b">pen drawing(s)</subfield>
      <subfield code="c">sundial with text &quot;effluit hora diesque&quot;</subfield>
    </datafield>
    <datafield tag="950" ind1=" " ind2=" ">
      <subfield code="a">Pasted on f. 64v :</subfield>
      <subfield code="b">engraving(s)</subfield>
      <subfield code="c">fencers</subfield>
    </datafield>
    <datafield tag="950" ind1=" " ind2=" ">
      <subfield code="a">Pasted on f. 65r :</subfield>
      <subfield code="b">engraving(s)</subfield>
      <subfield code="c">Gian Fritello. Ciurlo</subfield>
    </datafield>
    <datafield tag="950" ind1=" " ind2=" ">
      <subfield code="a">Pasted on f. 65v :</subfield>
      <subfield code="b">engraving(s)</subfield>
      <subfield code="c">Taglia Cantoni. Fracasso</subfield>
    </datafield>
    <datafield tag="950" ind1=" " ind2=" ">
      <subfield code="a">Pasted on f. 70v :</subfield>
      <subfield code="b">engraving(s)</subfield>
      <subfield code="c">fencers</subfield>
    </datafield>
    <datafield tag="950" ind1=" " ind2=" ">
      <subfield code="a">Pasted on f. 79r :</subfield>
      <subfield code="b">engraving(s)</subfield>
      <subfield code="c">&quot;Commedia dell'Arte&quot;</subfield>
    </datafield>
    <datafield tag="950" ind1=" " ind2=" ">
      <subfield code="a">Pasted on f. 83v :</subfield>
      <subfield code="b">engraving(s)</subfield>
      <subfield code="c">Commedia dell'Arte</subfield>
    </datafield>
    <datafield tag="950" ind1=" " ind2=" ">
      <subfield code="a">f. 87v : engraved</subfield>
      <subfield code="b">portrait(s)</subfield>
      <subfield code="c">Ferdinandvs (Cri. de pas ex.)</subfield>
    </datafield>
    <datafield tag="950" ind1=" " ind2=" ">
      <subfield code="a">f. 88r : engraved</subfield>
      <subfield code="b">portrait(s)</subfield>
      <subfield code="c">Albertvs I (Cris. de Pas excu. G. Ens pangebat)</subfield>
    </datafield>
    <datafield tag="950" ind1=" " ind2=" ">
      <subfield code="a">f. 101v :</subfield>
      <subfield code="b">pen drawing(s)</subfield>
      <subfield code="c">lutenist and piper (caricatural figures)</subfield>
    </datafield>
    <datafield tag="952" ind1=" " ind2=" ">
      <subfield code="d">Leuven (Louvain)</subfield>
      <subfield code="e">Pedagogie De Lelie</subfield>
      <subfield code="0">(ODIS-ORG)35505</subfield>
      <subfield code="f">Faculty of Arts, Paedagogium Lilii</subfield>
    </datafield>
    <datafield tag="953" ind1=" " ind2=" ">
      <subfield code="b">1601-1700</subfield>
    </datafield>
    <datafield tag="996" ind1=" " ind2=" ">
      <subfield code="a">BIBC</subfield>
      <subfield code="b">physical</subfield>
      <subfield code="c">201509</subfield>
      <subfield code="d">Lectio Magister dixit</subfield>
    </datafield>
  </record>