
  <record>
    <leader>06406ntm a2201453 u 4500</leader>
    <controlfield tag="001">9992137341201488</controlfield>
    <controlfield tag="005">20151221075420.0</controlfield>
    <controlfield tag="008">150430s1629    xx      |     000 0 lat c</controlfield>
    <datafield tag="035" ind1=" " ind2=" ">
      <subfield code="a">(BeLVLBS)9992183498801471</subfield>
    </datafield>
    <datafield tag="035" ind1=" " ind2=" ">
      <subfield code="a">(EXLNZ-32KUL_LIBIS_NETWORK)9992183498801471</subfield>
    </datafield>
    <datafield tag="245" ind1="0" ind2="0">
      <subfield code="a">Logica et ethica</subfield>
    </datafield>
    <datafield tag="246" ind1="1" ind2="3">
      <subfield code="a">Commentarius in ethica Arlis</subfield>
    </datafield>
    <datafield tag="246" ind1="1" ind2="3">
      <subfield code="a">Commentarius ethica Ar[istote]lis</subfield>
    </datafield>
    <datafield tag="246" ind1="1" ind2="3">
      <subfield code="a">Commentarius in dialectica</subfield>
    </datafield>
    <datafield tag="246" ind1="1" ind2="3">
      <subfield code="a">Compendium dialecticum</subfield>
    </datafield>
    <datafield tag="264" ind1=" " ind2="1">
      <subfield code="c">1629</subfield>
    </datafield>
    <datafield tag="300" ind1=" " ind2=" ">
      <subfield code="a">368 f.</subfield>
      <subfield code="c">220 x 165  mm.</subfield>
    </datafield>
    <datafield tag="300" ind1=" " ind2=" ">
      <subfield code="a">Brown leather binding ; gold tooled spine and boards ; spine with title &quot;Logica et ethica&quot;</subfield>
    </datafield>
    <datafield tag="336" ind1=" " ind2=" ">
      <subfield code="a">text</subfield>
      <subfield code="2">rdacontent</subfield>
    </datafield>
    <datafield tag="337" ind1=" " ind2=" ">
      <subfield code="a">unmediated</subfield>
      <subfield code="2">rdamedia</subfield>
    </datafield>
    <datafield tag="338" ind1=" " ind2=" ">
      <subfield code="a">volume</subfield>
      <subfield code="2">rdacarrier</subfield>
    </datafield>
    <datafield tag="340" ind1=" " ind2=" ">
      <subfield code="e">Paper</subfield>
    </datafield>
    <datafield tag="351" ind1=" " ind2=" ">
      <subfield code="a">Band in bruin leder ; goud gestempelde rug en platten ; rug met titel &quot;Logica et ethica&quot;</subfield>
    </datafield>
    <datafield tag="500" ind1=" " ind2=" ">
      <subfield code="a">Title created by cataloguer</subfield>
    </datafield>
    <datafield tag="500" ind1=" " ind2=" ">
      <subfield code="a">4 colophons</subfield>
    </datafield>
    <datafield tag="500" ind1=" " ind2=" ">
      <subfield code="a">Colophon on f. 117r reads : Finis moralis huic ethicae</subfield>
    </datafield>
    <datafield tag="500" ind1=" " ind2=" ">
      <subfield code="a">Colophon on f. 330v reads : Finis</subfield>
    </datafield>
    <datafield tag="500" ind1=" " ind2=" ">
      <subfield code="a">Colophon on f. 366r reads : Finis Compendij</subfield>
    </datafield>
    <datafield tag="500" ind1=" " ind2=" ">
      <subfield code="a">Colophon on f. 367r reads : Finis eEpithomae compendij</subfield>
    </datafield>
    <datafield tag="500" ind1=" " ind2=" ">
      <subfield code="a">f. 296-287 : 8 f. are missing</subfield>
    </datafield>
    <datafield tag="500" ind1=" " ind2=" ">
      <subfield code="a">Note on f. 338r reads : Calendiae octob. 1629</subfield>
    </datafield>
    <datafield tag="505" ind1="0" ind2=" ">
      <subfield code="a">Commentarius in ethica</subfield>
      <subfield code="g">f. 1r-1119v</subfield>
    </datafield>
    <datafield tag="505" ind1="0" ind2=" ">
      <subfield code="a">* Praefatio</subfield>
      <subfield code="g">f. 1r-1v</subfield>
    </datafield>
    <datafield tag="505" ind1="0" ind2=" ">
      <subfield code="a">* Prolegomena ethica $g f. 1v-7v</subfield>
    </datafield>
    <datafield tag="505" ind1="0" ind2=" ">
      <subfield code="a">** Caput  primum De existentia ethicae</subfield>
      <subfield code="g">f. 1v-3r</subfield>
    </datafield>
    <datafield tag="505" ind1="0" ind2=" ">
      <subfield code="a">** Caput secundum De obiecto ethicae</subfield>
      <subfield code="g">f. 3r-4r</subfield>
    </datafield>
    <datafield tag="505" ind1="0" ind2=" ">
      <subfield code="a">** Caput tertium An ethicae scientia</subfield>
      <subfield code="g">f. 4r-6v</subfield>
    </datafield>
    <datafield tag="505" ind1="0" ind2=" ">
      <subfield code="a">** Caput ultimum De divsione ethices</subfield>
      <subfield code="g">f. 6v-7v</subfield>
    </datafield>
    <datafield tag="505" ind1="0" ind2=" ">
      <subfield code="a">* Disputatio prima de nono et malo</subfield>
      <subfield code="g">f. 7v-31r</subfield>
    </datafield>
    <datafield tag="505" ind1="0" ind2=" ">
      <subfield code="a">* Disputatio [secunda] de fine</subfield>
      <subfield code="g">f. 31r-38r</subfield>
    </datafield>
    <datafield tag="505" ind1="0" ind2=" ">
      <subfield code="a">* Disputatio teria De beatitudine</subfield>
      <subfield code="g">f. 38r-53v</subfield>
    </datafield>
    <datafield tag="505" ind1="0" ind2=" ">
      <subfield code="a">* Disputatio quarta De voluntario et involuntario</subfield>
      <subfield code="g">f. 53v-69v</subfield>
    </datafield>
    <datafield tag="505" ind1="0" ind2=" ">
      <subfield code="a">* Disputatio quinta De actionibus humanis</subfield>
      <subfield code="g">f. 70r-79v</subfield>
    </datafield>
    <datafield tag="505" ind1="0" ind2=" ">
      <subfield code="a">* Disputatio sexta De passionibus</subfield>
      <subfield code="g">f. 79v-87v</subfield>
    </datafield>
    <datafield tag="505" ind1="0" ind2=" ">
      <subfield code="a">* Disputatio septima De virtutibus in genere</subfield>
      <subfield code="g">f. 87v-104v</subfield>
    </datafield>
    <datafield tag="505" ind1="0" ind2=" ">
      <subfield code="a">* Disputatio ultima De virtutibus cardinalibus</subfield>
      <subfield code="g">f. 104v-117v</subfield>
    </datafield>
    <datafield tag="505" ind1="0" ind2=" ">
      <subfield code="a">* Index titulorum</subfield>
      <subfield code="g">f. 117v-119v</subfield>
    </datafield>
    <datafield tag="505" ind1="0" ind2=" ">
      <subfield code="a">Commentarius in dialectica</subfield>
      <subfield code="g">f. 121r-336r</subfield>
    </datafield>
    <datafield tag="505" ind1="0" ind2=" ">
      <subfield code="a">* Praefatio</subfield>
      <subfield code="g">f. 121r</subfield>
    </datafield>
    <datafield tag="505" ind1="0" ind2=" ">
      <subfield code="a">* Prolegomena philosophica</subfield>
      <subfield code="g">f. 121r-129v</subfield>
    </datafield>
    <datafield tag="505" ind1="0" ind2=" ">
      <subfield code="a">** Caput primum De origine philosphiae</subfield>
      <subfield code="g">f. 121r-123v</subfield>
    </datafield>
    <datafield tag="505" ind1="0" ind2=" ">
      <subfield code="a">** Caput secundum De obiecto philsophiae</subfield>
      <subfield code="g">f. 123v-125r</subfield>
    </datafield>
    <datafield tag="505" ind1="0" ind2=" ">
      <subfield code="a">** Caput tertium De subiecto philosophiae</subfield>
      <subfield code="g">f. 125r-125v</subfield>
    </datafield>
    <datafield tag="505" ind1="0" ind2=" ">
      <subfield code="a">** Caput quartum De definitione philosophiae</subfield>
      <subfield code="g">f. 125v-127r</subfield>
    </datafield>
    <datafield tag="505" ind1="0" ind2=" ">
      <subfield code="a">** Caput quintum De divisione philosophiae</subfield>
      <subfield code="g">f. 127r-129r</subfield>
    </datafield>
    <datafield tag="505" ind1="0" ind2=" ">
      <subfield code="a">** Caput ultimum De dignitate philosophiae</subfield>
      <subfield code="g">f. 129r-129v</subfield>
    </datafield>
    <datafield tag="505" ind1="0" ind2=" ">
      <subfield code="a">* Prologemena dialectica</subfield>
      <subfield code="g">f. 129v-142v</subfield>
    </datafield>
    <datafield tag="505" ind1="0" ind2=" ">
      <subfield code="a">** Caput primum De notionibus dialectica</subfield>
      <subfield code="g">f. 129v-130r</subfield>
    </datafield>
    <datafield tag="505" ind1="0" ind2=" ">
      <subfield code="a">** Caput secundum De divisionibus dialecticae</subfield>
      <subfield code="g">f. 130r-132r</subfield>
    </datafield>
    <datafield tag="505" ind1="0" ind2=" ">
      <subfield code="a">** Caput tertium De obiecto dialecticae</subfield>
      <subfield code="g">f. 132r-135r</subfield>
    </datafield>
    <datafield tag="505" ind1="0" ind2=" ">
      <subfield code="a">** Caput quartum Sit ne dialectica scientia</subfield>
      <subfield code="g">f. 135r-137v</subfield>
    </datafield>
    <datafield tag="505" ind1="0" ind2=" ">
      <subfield code="a">** Caput quintum An dialectica pars philosphiae</subfield>
      <subfield code="g">f. 137v-138v</subfield>
    </datafield>
    <datafield tag="505" ind1="0" ind2=" ">
      <subfield code="a">** Caput sextum An dialectica practica</subfield>
      <subfield code="g">f. 138v-139v</subfield>
    </datafield>
    <datafield tag="505" ind1="0" ind2=" ">
      <subfield code="a">** Caput ultimum De necessitae dialecticae</subfield>
      <subfield code="g">f. 139v-142v</subfield>
    </datafield>
    <datafield tag="505" ind1="0" ind2=" ">
      <subfield code="a">* In Isagogei Porphyrii</subfield>
      <subfield code="g">f. 142v-179v</subfield>
    </datafield>
    <datafield tag="505" ind1="0" ind2=" ">
      <subfield code="a">** Disputatio prima De universalibus generatim</subfield>
      <subfield code="g">f. 143r-160v</subfield>
    </datafield>
    <datafield tag="505" ind1="0" ind2=" ">
      <subfield code="a">** Disputatio secunda De singulis universalibus [de specie] $g f. 161r-138r</subfield>
    </datafield>
    <datafield tag="505" ind1="0" ind2=" ">
      <subfield code="a">** Disputatio tertia [De differentia]</subfield>
      <subfield code="g">f. 168r-172v</subfield>
    </datafield>
    <datafield tag="505" ind1="0" ind2=" ">
      <subfield code="a">** Disputatio quarta De proprio</subfield>
      <subfield code="g">f. 173r-176v</subfield>
    </datafield>
    <datafield tag="505" ind1="0" ind2=" ">
      <subfield code="a">** Disputatio ultima De accidente communi</subfield>
      <subfield code="g">f. 176v-179v</subfield>
    </datafield>
    <datafield tag="505" ind1="0" ind2=" ">
      <subfield code="a">* Commentarius In cathegoriae</subfield>
      <subfield code="g">f. 179v-241r</subfield>
    </datafield>
    <datafield tag="505" ind1="0" ind2=" ">
      <subfield code="a">** Praefatio</subfield>
      <subfield code="g">f. 179v-181v</subfield>
    </datafield>
    <datafield tag="505" ind1="0" ind2=" ">
      <subfield code="a">** Disputatio  De antepraedicamentis</subfield>
      <subfield code="g">f. 181v-191v</subfield>
    </datafield>
    <datafield tag="505" ind1="0" ind2=" ">
      <subfield code="a">** Disputatio quarta  De praedicamentia</subfield>
      <subfield code="g">f. 191v-234v</subfield>
    </datafield>
    <datafield tag="505" ind1="0" ind2=" ">
      <subfield code="a">** Disputatio quinta De postpraedicamentis 241r</subfield>
      <subfield code="g">f. 234v-</subfield>
    </datafield>
    <datafield tag="505" ind1="0" ind2=" ">
      <subfield code="a">* Commentarius in Librum de interpretiatione</subfield>
      <subfield code="g">f. 241r-273r</subfield>
    </datafield>
    <datafield tag="505" ind1="0" ind2=" ">
      <subfield code="a">** Praefatio</subfield>
      <subfield code="g">f. 241r-241v</subfield>
    </datafield>
    <datafield tag="505" ind1="0" ind2=" ">
      <subfield code="a">** Disputatio  quinta De ennunciatione</subfield>
      <subfield code="g">f. 241v-265r</subfield>
    </datafield>
    <datafield tag="505" ind1="0" ind2=" ">
      <subfield code="a">** Disputatio septima De oratione dialectica</subfield>
      <subfield code="g">f. 265r-273r</subfield>
    </datafield>
    <datafield tag="505" ind1="0" ind2=" ">
      <subfield code="a">* Commentarius In analytica</subfield>
      <subfield code="g">f. 273r-330v</subfield>
    </datafield>
    <datafield tag="505" ind1="0" ind2=" ">
      <subfield code="a">** Praefatio</subfield>
      <subfield code="g">f. 273r-273v</subfield>
    </datafield>
    <datafield tag="505" ind1="0" ind2=" ">
      <subfield code="a">** Disputatio octava De syllogismo</subfield>
      <subfield code="g">f. 273v-286r</subfield>
    </datafield>
    <datafield tag="505" ind1="0" ind2=" ">
      <subfield code="a">** Disputatio nona De demonstratione</subfield>
      <subfield code="g">f. 286r-296v</subfield>
    </datafield>
    <datafield tag="505" ind1="0" ind2=" ">
      <subfield code="a">** Disputatio [decima De scientia]</subfield>
      <subfield code="g">f. 297r-310v</subfield>
    </datafield>
    <datafield tag="505" ind1="0" ind2=" ">
      <subfield code="a">** Disputatio undecima De topicae</subfield>
      <subfield code="g">f. 310v-322v</subfield>
    </datafield>
    <datafield tag="505" ind1="0" ind2=" ">
      <subfield code="a">** Disputatio ultuma De sophistica</subfield>
      <subfield code="g">f. 323r-330v</subfield>
    </datafield>
    <datafield tag="505" ind1="0" ind2=" ">
      <subfield code="a">* Index titulorum</subfield>
      <subfield code="g">f. 331r-336r</subfield>
    </datafield>
    <datafield tag="505" ind1="0" ind2=" ">
      <subfield code="a">Compendium dialecticum</subfield>
      <subfield code="g">f. 338r-366r</subfield>
    </datafield>
    <datafield tag="505" ind1="0" ind2=" ">
      <subfield code="a">** Praefatio</subfield>
      <subfield code="g">f. 338r</subfield>
    </datafield>
    <datafield tag="505" ind1="0" ind2=" ">
      <subfield code="a">** Prolegomena philosophica</subfield>
      <subfield code="g">f. 338r-340v</subfield>
    </datafield>
    <datafield tag="505" ind1="0" ind2=" ">
      <subfield code="a">** Disputatio prima De universalibus</subfield>
      <subfield code="g">f. 340v-343r</subfield>
    </datafield>
    <datafield tag="505" ind1="0" ind2=" ">
      <subfield code="a">** Disputatio secunda De categoriis</subfield>
      <subfield code="g">f. 343r-348r</subfield>
    </datafield>
    <datafield tag="505" ind1="0" ind2=" ">
      <subfield code="a">** Disputatio tertia De ennunciatione</subfield>
      <subfield code="g">f. 348r-353v</subfield>
    </datafield>
    <datafield tag="505" ind1="0" ind2=" ">
      <subfield code="a">** Disputatio quarta De oratione dialectica</subfield>
      <subfield code="g">f. 353v-356v</subfield>
    </datafield>
    <datafield tag="505" ind1="0" ind2=" ">
      <subfield code="a">** Disputatio ultima De syllogismis</subfield>
      <subfield code="g">f. 356v-366r</subfield>
    </datafield>
    <datafield tag="505" ind1="0" ind2=" ">
      <subfield code="a">* Epitome epitomes</subfield>
      <subfield code="g">f. 366v-367v</subfield>
    </datafield>
    <datafield tag="546" ind1=" " ind2=" ">
      <subfield code="a">Latin</subfield>
    </datafield>
    <datafield tag="653" ind1=" " ind2="6">
      <subfield code="a">Manuscripts</subfield>
    </datafield>
    <datafield tag="653" ind1=" " ind2="6">
      <subfield code="a">Lecture notes</subfield>
    </datafield>
    <datafield tag="830" ind1=" " ind2="0">
      <subfield code="a">Topica</subfield>
    </datafield>
    <datafield tag="830" ind1=" " ind2="0">
      <subfield code="a">Sophistici elenchi</subfield>
    </datafield>
    <datafield tag="830" ind1=" " ind2="0">
      <subfield code="a">Prooemium in logicam</subfield>
    </datafield>
    <datafield tag="830" ind1=" " ind2="0">
      <subfield code="a">Prooemium in ethicam</subfield>
    </datafield>
    <datafield tag="830" ind1=" " ind2="0">
      <subfield code="a">Prolegomena philosophiae</subfield>
    </datafield>
    <datafield tag="830" ind1=" " ind2="0">
      <subfield code="a">Prodidagmata in logicam</subfield>
    </datafield>
    <datafield tag="830" ind1=" " ind2="0">
      <subfield code="a">Praedicamenta</subfield>
    </datafield>
    <datafield tag="830" ind1=" " ind2="0">
      <subfield code="a">Praedicabilia</subfield>
    </datafield>
    <datafield tag="830" ind1=" " ind2="0">
      <subfield code="a">Peri hermeneias</subfield>
    </datafield>
    <datafield tag="830" ind1=" " ind2="0">
      <subfield code="a">Isagoge</subfield>
    </datafield>
    <datafield tag="830" ind1=" " ind2="0">
      <subfield code="a">De voluntario et involuntario</subfield>
    </datafield>
    <datafield tag="830" ind1=" " ind2="0">
      <subfield code="a">De virtutibus</subfield>
    </datafield>
    <datafield tag="830" ind1=" " ind2="0">
      <subfield code="a">De sophisticis elenchis</subfield>
    </datafield>
    <datafield tag="830" ind1=" " ind2="0">
      <subfield code="a">De passionibus</subfield>
    </datafield>
    <datafield tag="830" ind1=" " ind2="0">
      <subfield code="a">De interpretatione</subfield>
    </datafield>
    <datafield tag="830" ind1=" " ind2="0">
      <subfield code="a">De fine</subfield>
    </datafield>
    <datafield tag="830" ind1=" " ind2="0">
      <subfield code="a">De bono et malo</subfield>
    </datafield>
    <datafield tag="830" ind1=" " ind2="0">
      <subfield code="a">De beatitudine</subfield>
    </datafield>
    <datafield tag="830" ind1=" " ind2="0">
      <subfield code="a">De actionibus humanis</subfield>
    </datafield>
    <datafield tag="830" ind1=" " ind2="0">
      <subfield code="a">Categoriae</subfield>
    </datafield>
    <datafield tag="830" ind1=" " ind2="0">
      <subfield code="a">Analytica priora</subfield>
    </datafield>
    <datafield tag="830" ind1=" " ind2="0">
      <subfield code="a">Analytica posteriora</subfield>
    </datafield>
    <datafield tag="852" ind1=" " ind2=" ">
      <subfield code="8">22359805760001488</subfield>
      <subfield code="b">BIBC</subfield>
      <subfield code="c">BRES</subfield>
      <subfield code="h">Ms. 364</subfield>
    </datafield>
    <datafield tag="900" ind1=" " ind2=" ">
      <subfield code="a">CONSOLIDATED RECORD</subfield>
      <subfield code="b">KU Leuven</subfield>
    </datafield>
    <datafield tag="952" ind1=" " ind2=" ">
      <subfield code="d">Leuven (Louvain)</subfield>
      <subfield code="e">Pedagogie onbekend</subfield>
      <subfield code="f">Faculty of Arts, pedagogy unknown</subfield>
    </datafield>
    <datafield tag="953" ind1=" " ind2=" ">
      <subfield code="b">1601-1700</subfield>
    </datafield>
    <datafield tag="996" ind1=" " ind2=" ">
      <subfield code="a">BIBC</subfield>
      <subfield code="b">physical</subfield>
      <subfield code="c">201509</subfield>
      <subfield code="d">Lectio Magister dixit</subfield>
    </datafield>
    <datafield tag="996" ind1=" " ind2=" ">
      <subfield code="a">BIBC</subfield>
      <subfield code="b">physical</subfield>
      <subfield code="9">local</subfield>
    </datafield>
  </record>