
  <record>
    <leader>03141ntm a2200625 u 4500</leader>
    <controlfield tag="001">9983677380101488</controlfield>
    <controlfield tag="005">20151221075715.0</controlfield>
    <controlfield tag="008">111128s1743    xx      |     000 0 lat c</controlfield>
    <datafield tag="035" ind1=" " ind2=" ">
      <subfield code="a">(BeLVLBS)008367738LBS01-Aleph</subfield>
    </datafield>
    <datafield tag="035" ind1=" " ind2=" ">
      <subfield code="a">(EXLNZ-32KUL_LIBIS_NETWORK)9983677380101471</subfield>
    </datafield>
    <datafield tag="245" ind1="0" ind2="0">
      <subfield code="a">Logica.</subfield>
    </datafield>
    <datafield tag="260" ind1=" " ind2=" ">
      <subfield code="c">1743.</subfield>
    </datafield>
    <datafield tag="300" ind1=" " ind2=" ">
      <subfield code="a">206 f.</subfield>
      <subfield code="b">ill.</subfield>
      <subfield code="c">205 x 155 mm.</subfield>
    </datafield>
    <datafield tag="300" ind1=" " ind2=" ">
      <subfield code="a">Brown leather binding ; blind stamped boards, gold tooled spine with title &quot;Logica Boret&quot;.</subfield>
    </datafield>
    <datafield tag="336" ind1=" " ind2=" ">
      <subfield code="a">text</subfield>
      <subfield code="2">rdacontent</subfield>
    </datafield>
    <datafield tag="337" ind1=" " ind2=" ">
      <subfield code="a">unmediated</subfield>
      <subfield code="2">rdamedia</subfield>
    </datafield>
    <datafield tag="338" ind1=" " ind2=" ">
      <subfield code="a">volume</subfield>
      <subfield code="2">rdacarrier</subfield>
    </datafield>
    <datafield tag="340" ind1=" " ind2=" ">
      <subfield code="e">Paper</subfield>
    </datafield>
    <datafield tag="351" ind1=" " ind2=" ">
      <subfield code="a">Band in bruin leder ; blind gestempelde platten, goud gestempelde rug met titel &quot;Logica Boret&quot;.</subfield>
    </datafield>
    <datafield tag="500" ind1=" " ind2=" ">
      <subfield code="a">2 colophons</subfield>
    </datafield>
    <datafield tag="500" ind1=" " ind2=" ">
      <subfield code="a">Colophon on f. 195r reads : Finis impositus ē Die octava mensis julii anno Domini 1743 / Thomas [text scratched out] /  Huensis</subfield>
    </datafield>
    <datafield tag="500" ind1=" " ind2=" ">
      <subfield code="a">Colophon on f. 206v reads : Finis anno domini 1743</subfield>
    </datafield>
    <datafield tag="505" ind1="0" ind2=" ">
      <subfield code="a">Logica</subfield>
      <subfield code="g">f. 1-206v</subfield>
    </datafield>
    <datafield tag="505" ind1="0" ind2=" ">
      <subfield code="a">* Prefatio in philosophiam universam</subfield>
      <subfield code="g">f. 1r-2r</subfield>
    </datafield>
    <datafield tag="505" ind1="0" ind2=" ">
      <subfield code="a">* Questio preliminatis De essentia et existentia philosophiae</subfield>
      <subfield code="g">f. 2r-13v</subfield>
    </datafield>
    <datafield tag="505" ind1="0" ind2=" ">
      <subfield code="a">* Logica sive ars ratiocinandi</subfield>
      <subfield code="g">f. 13v-37r</subfield>
    </datafield>
    <datafield tag="505" ind1="0" ind2=" ">
      <subfield code="a">** Questio prima De natura logicae</subfield>
      <subfield code="g">f. 14r-26v</subfield>
    </datafield>
    <datafield tag="505" ind1="0" ind2=" ">
      <subfield code="a">** Questio secunda De objecto logicae</subfield>
      <subfield code="g">f. 26v-37r</subfield>
    </datafield>
    <datafield tag="505" ind1="0" ind2=" ">
      <subfield code="a">* Logicae pars prima De his quae concernunt primam mentis operationem</subfield>
      <subfield code="g">f. 37r-94v</subfield>
    </datafield>
    <datafield tag="505" ind1="0" ind2=" ">
      <subfield code="a">** Questio prima De ideae natura et divisione</subfield>
      <subfield code="g">f. 37v-52v</subfield>
    </datafield>
    <datafield tag="505" ind1="0" ind2=" ">
      <subfield code="a">** Questio secunda De idearum origine et primo veritatis inguirendae principio</subfield>
      <subfield code="g">f. 52v-68v</subfield>
    </datafield>
    <datafield tag="505" ind1="0" ind2=" ">
      <subfield code="a">** Questio tertia De ideis abstractis et variis distinctionum generibus</subfield>
      <subfield code="g">f. 68v-77r</subfield>
    </datafield>
    <datafield tag="505" ind1="0" ind2=" ">
      <subfield code="a">** Questio quarta De cathegoriis et accidentibus phisicis</subfield>
      <subfield code="g">f. 77r-94v</subfield>
    </datafield>
    <datafield tag="505" ind1="0" ind2=" ">
      <subfield code="a">* Logicae pars secunda De secunda mentis operatione et propositione ejus interprete</subfield>
      <subfield code="g">f. 94v-151r</subfield>
    </datafield>
    <datafield tag="505" ind1="0" ind2=" ">
      <subfield code="a">** Questio prima De judicio pro ut in mente considerato</subfield>
      <subfield code="g">f. 94v-105r</subfield>
    </datafield>
    <datafield tag="505" ind1="0" ind2=" ">
      <subfield code="a">** Questio secunda De judicio exterius manifestato seu de propositione</subfield>
      <subfield code="g">f. 105r-139r</subfield>
    </datafield>
    <datafield tag="505" ind1="0" ind2=" ">
      <subfield code="a">** Questio tertia De principuis errorum fondibus et eorum remediis</subfield>
      <subfield code="g">f. 139r-151r</subfield>
    </datafield>
    <datafield tag="505" ind1="0" ind2=" ">
      <subfield code="a">* Logicae pars tertia De tertia mentis operatione vel discursu</subfield>
      <subfield code="g">f. 151r-195v</subfield>
    </datafield>
    <datafield tag="505" ind1="0" ind2=" ">
      <subfield code="a">** Questio prima De natura discursus</subfield>
      <subfield code="g">f. 151v-170r</subfield>
    </datafield>
    <datafield tag="505" ind1="0" ind2=" ">
      <subfield code="a">** Questio secunda De argumentatione</subfield>
      <subfield code="g">f. 170r-195v</subfield>
    </datafield>
    <datafield tag="505" ind1="0" ind2=" ">
      <subfield code="a">* Index logicae</subfield>
      <subfield code="g">f. 195v-206v</subfield>
    </datafield>
    <datafield tag="546" ind1=" " ind2=" ">
      <subfield code="a">Latin</subfield>
    </datafield>
    <datafield tag="653" ind1=" " ind2="6">
      <subfield code="a">Manuscripts</subfield>
    </datafield>
    <datafield tag="653" ind1=" " ind2="6">
      <subfield code="a">Lecture notes</subfield>
    </datafield>
    <datafield tag="830" ind1=" " ind2="0">
      <subfield code="a">Prooemium in Logicam</subfield>
    </datafield>
    <datafield tag="830" ind1=" " ind2="0">
      <subfield code="a">Prolegomena philosophiae</subfield>
    </datafield>
    <datafield tag="830" ind1=" " ind2="0">
      <subfield code="a">De iudicio</subfield>
    </datafield>
    <datafield tag="830" ind1=" " ind2="0">
      <subfield code="a">De ideis</subfield>
    </datafield>
    <datafield tag="830" ind1=" " ind2="0">
      <subfield code="a">De discursu</subfield>
    </datafield>
    <datafield tag="856" ind1="4" ind2="0">
      <subfield code="u">http://resolver.lias.be/get_pid?view&amp;usagetype=VIEW_MAIN,VIEW&amp;pid=1028536</subfield>
      <subfield code="y">Online version in LIAS</subfield>
    </datafield>
    <datafield tag="852" ind1=" " ind2=" ">
      <subfield code="8">22321135380001488</subfield>
      <subfield code="b">GBIB</subfield>
      <subfield code="c">GBIB</subfield>
      <subfield code="h">PM0328</subfield>
    </datafield>
    <datafield tag="900" ind1=" " ind2=" ">
      <subfield code="a">CONSOLIDATED RECORD</subfield>
      <subfield code="b">KU Leuven</subfield>
    </datafield>
    <datafield tag="950" ind1=" " ind2=" ">
      <subfield code="a">Endpaper at the beginning : 1</subfield>
      <subfield code="b">engraving(s)</subfield>
      <subfield code="c">Heading with handwritten text iin red ink &quot;Logica..&quot;</subfield>
    </datafield>
    <datafield tag="950" ind1=" " ind2=" ">
      <subfield code="a">Endpaper at the end : 1</subfield>
      <subfield code="b">engraving(s)</subfield>
      <subfield code="c">partially scratched out</subfield>
    </datafield>
    <datafield tag="952" ind1=" " ind2=" ">
      <subfield code="d">Leuven (Louvain)</subfield>
      <subfield code="e">Pedagogie onbekend</subfield>
      <subfield code="f">Faculty of Arts, pedagogy unknown</subfield>
    </datafield>
    <datafield tag="953" ind1=" " ind2=" ">
      <subfield code="b">1701-1800</subfield>
    </datafield>
    <datafield tag="996" ind1=" " ind2=" ">
      <subfield code="a">GBIB</subfield>
      <subfield code="b">physical</subfield>
      <subfield code="c">201509</subfield>
      <subfield code="d">Lectio Magister dixit</subfield>
    </datafield>
  </record>