
  <record>
    <leader>19515ntm a2203229 u 4500</leader>
    <controlfield tag="001">9988171170101488</controlfield>
    <controlfield tag="005">20151221075419.0</controlfield>
    <controlfield tag="008">121011m16931694be      |     000 0 lat c</controlfield>
    <datafield tag="035" ind1=" " ind2=" ">
      <subfield code="a">(BeLVLBS)008817117LBS01-Aleph</subfield>
    </datafield>
    <datafield tag="035" ind1=" " ind2=" ">
      <subfield code="a">(EXLNZ-32KUL_LIBIS_NETWORK)9988171170101471</subfield>
    </datafield>
    <datafield tag="245" ind1="0" ind2="0">
      <subfield code="a">Logica.</subfield>
    </datafield>
    <datafield tag="246" ind1="1" ind2="3">
      <subfield code="a">Dictata logicalia</subfield>
    </datafield>
    <datafield tag="246" ind1="1" ind2="3">
      <subfield code="a">Annotata physicalia</subfield>
    </datafield>
    <datafield tag="246" ind1="1" ind2="3">
      <subfield code="a">Dictata logicalia sub doctissimo domino d[omi]no I. Vandenhove professore maiore pædagogii Castrensis. Scripta per Norbertvm Iosephvm Ligiers Gan[den]sem. Anno 1693 1694</subfield>
    </datafield>
    <datafield tag="260" ind1=" " ind2=" ">
      <subfield code="c">1693-1694.</subfield>
    </datafield>
    <datafield tag="300" ind1=" " ind2=" ">
      <subfield code="a">584 f.</subfield>
      <subfield code="b">ill. ;</subfield>
      <subfield code="c">205 x 165 mm.</subfield>
    </datafield>
    <datafield tag="300" ind1=" " ind2=" ">
      <subfield code="a">Brown leather binding ; gold tooled spine with title &quot;Logica&quot;</subfield>
    </datafield>
    <datafield tag="336" ind1=" " ind2=" ">
      <subfield code="a">text</subfield>
      <subfield code="2">rdacontent</subfield>
    </datafield>
    <datafield tag="337" ind1=" " ind2=" ">
      <subfield code="a">unmediated</subfield>
      <subfield code="2">rdamedia</subfield>
    </datafield>
    <datafield tag="338" ind1=" " ind2=" ">
      <subfield code="a">volume</subfield>
      <subfield code="2">rdacarrier</subfield>
    </datafield>
    <datafield tag="340" ind1=" " ind2=" ">
      <subfield code="e">Paper</subfield>
    </datafield>
    <datafield tag="351" ind1=" " ind2=" ">
      <subfield code="a">Band in bruin leder ; goud gestempelde rug met titel &quot;Logica&quot;.</subfield>
    </datafield>
    <datafield tag="500" ind1=" " ind2=" ">
      <subfield code="a">Title created by cataloguer</subfield>
    </datafield>
    <datafield tag="500" ind1=" " ind2=" ">
      <subfield code="a">9 colophon</subfield>
    </datafield>
    <datafield tag="500" ind1=" " ind2=" ">
      <subfield code="a">Colophon on f. 40r reads : Finis huius Libri tertij Logices</subfield>
    </datafield>
    <datafield tag="500" ind1=" " ind2=" ">
      <subfield code="a">Colophon on f. 62r reads : Finis</subfield>
    </datafield>
    <datafield tag="500" ind1=" " ind2=" ">
      <subfield code="a">Colophon on f. 77v reads : Finis huius capitis</subfield>
    </datafield>
    <datafield tag="500" ind1=" " ind2=" ">
      <subfield code="a">Colophon on f. 229r reads : Finis huius Libri tertij Logices</subfield>
    </datafield>
    <datafield tag="500" ind1=" " ind2=" ">
      <subfield code="a">Colophon on f. 283r reads : Finis</subfield>
    </datafield>
    <datafield tag="500" ind1=" " ind2=" ">
      <subfield code="a">Colophon on f. 356r reads : Finis</subfield>
    </datafield>
    <datafield tag="500" ind1=" " ind2=" ">
      <subfield code="a">Colophon on f. 362v reads : Finis</subfield>
    </datafield>
    <datafield tag="500" ind1=" " ind2=" ">
      <subfield code="a">Colophon on f. 500r reads : 1694</subfield>
    </datafield>
    <datafield tag="500" ind1=" " ind2=" ">
      <subfield code="a">Colophon on f. 610v reads : Finis</subfield>
    </datafield>
    <datafield tag="500" ind1=" " ind2=" ">
      <subfield code="a">4 chronogram</subfield>
    </datafield>
    <datafield tag="500" ind1=" " ind2=" ">
      <subfield code="a">Chronogram on f. 51v reads : InaVgVrate fInIVntvr DeCIMo qVarto CaLenDas IVnIIa VIXqVInta VespertIna VIgILIa assVMptionIs IesV In astra [= 3387 (1693+1694)]</subfield>
    </datafield>
    <datafield tag="500" ind1=" " ind2=" ">
      <subfield code="a">Chronogram on f. 283r reads : nona CaLenDas IVnII eVaVnVs eX nostrIs MortVVs [= 1694]</subfield>
    </datafield>
    <datafield tag="500" ind1=" " ind2=" ">
      <subfield code="a">Chronogram on f. 356r reads : fInIVnt VreVarto kaLenDas IVnIas VIgILIa MIssIonis spIrItitVs abfILIos [= 1695]</subfield>
    </datafield>
    <datafield tag="500" ind1=" " ind2=" ">
      <subfield code="a">Chronogram on f. 610v reads : IVnIVs est fInIs LogICes ast esse rogaVIt VnDeNa MensIs qVa VenVs Ipsa regIt [= 1694]</subfield>
    </datafield>
    <datafield tag="505" ind1="0" ind2=" ">
      <subfield code="a">Dictata in logicam pars prima sub doctissimio Domino D. Ioanne Vandenhove philosophiae professore primario. Scribebat Norbertus Iosephus Ligiers Gandensis. Anno 1693 Lovanii in paedagogio Castri</subfield>
      <subfield code="g">f. 1r-62r</subfield>
    </datafield>
    <datafield tag="505" ind1="0" ind2=" ">
      <subfield code="a">* Proemium in universam philosophiam</subfield>
      <subfield code="g">f. 4r-9v</subfield>
    </datafield>
    <datafield tag="505" ind1="0" ind2=" ">
      <subfield code="a">** Cum homines sint naturaliter philosophi</subfield>
      <subfield code="g">f. 4r-5v</subfield>
    </datafield>
    <datafield tag="505" ind1="0" ind2=" ">
      <subfield code="a">** Quid sit philosphia</subfield>
      <subfield code="g">f. 6r-6v</subfield>
    </datafield>
    <datafield tag="505" ind1="0" ind2=" ">
      <subfield code="a">** De logica</subfield>
      <subfield code="g">f. 7r-9v</subfield>
    </datafield>
    <datafield tag="505" ind1="0" ind2=" ">
      <subfield code="a">* Liber primus De prima mentis operatione</subfield>
      <subfield code="g">f. 9v-25r</subfield>
    </datafield>
    <datafield tag="505" ind1="0" ind2=" ">
      <subfield code="a">** Caput primum De subiecto et forma</subfield>
      <subfield code="g">f. 10v-14r</subfield>
    </datafield>
    <datafield tag="505" ind1="0" ind2=" ">
      <subfield code="a">** Caput secundum De toto et parte</subfield>
      <subfield code="g">f. 14r-17r</subfield>
    </datafield>
    <datafield tag="505" ind1="0" ind2=" ">
      <subfield code="a">** Caput tertium De unione</subfield>
      <subfield code="g">f. 17r-19r</subfield>
    </datafield>
    <datafield tag="505" ind1="0" ind2=" ">
      <subfield code="a">** [Caput quartum] De ente unius naturae et composito per se</subfield>
      <subfield code="g">f. 19r-19v</subfield>
    </datafield>
    <datafield tag="505" ind1="0" ind2=" ">
      <subfield code="a">** Caput quintum De modis inexistendi</subfield>
      <subfield code="g">f. 19v-20v</subfield>
    </datafield>
    <datafield tag="505" ind1="0" ind2=" ">
      <subfield code="a">** Caput sextum De eisdem et diversis</subfield>
      <subfield code="g">f. 20v-21v</subfield>
    </datafield>
    <datafield tag="505" ind1="0" ind2=" ">
      <subfield code="a">** Caput septimum De universali</subfield>
      <subfield code="g">f. 21v-25r</subfield>
    </datafield>
    <datafield tag="505" ind1="0" ind2=" ">
      <subfield code="a">* Liber secundus De praedicamentis</subfield>
      <subfield code="g">f. 25r-33v</subfield>
    </datafield>
    <datafield tag="505" ind1="0" ind2=" ">
      <subfield code="a">** Caput primum De ente praedicamentali</subfield>
      <subfield code="g">f. f. 25r-28r</subfield>
    </datafield>
    <datafield tag="505" ind1="0" ind2=" ">
      <subfield code="a">** Caput secundum De praedicamento quantitatis</subfield>
      <subfield code="g">f. 28v-29v</subfield>
    </datafield>
    <datafield tag="505" ind1="0" ind2=" ">
      <subfield code="a">** Caput tertium De praedicamento qualitalis</subfield>
      <subfield code="g">f. 29v-30v</subfield>
    </datafield>
    <datafield tag="505" ind1="0" ind2=" ">
      <subfield code="a">** Caput quartum De gradu philosophico et intentione ac remissione qualitatum</subfield>
      <subfield code="g">f. 31r-31v</subfield>
    </datafield>
    <datafield tag="505" ind1="0" ind2=" ">
      <subfield code="a">** Caput quintum De relatione</subfield>
      <subfield code="g">f. 31v-32r</subfield>
    </datafield>
    <datafield tag="505" ind1="0" ind2=" ">
      <subfield code="a">** Caput sextum De sex ultimis praedicamentis</subfield>
      <subfield code="g">f. 32r-32v</subfield>
    </datafield>
    <datafield tag="505" ind1="0" ind2=" ">
      <subfield code="a">** Caput septimum De repugnantibus realibus</subfield>
      <subfield code="g">f. 32v-33r</subfield>
    </datafield>
    <datafield tag="505" ind1="0" ind2=" ">
      <subfield code="a">* Liber tertius De secunda mentis operatione</subfield>
      <subfield code="g">f. 33v-40r</subfield>
    </datafield>
    <datafield tag="505" ind1="0" ind2=" ">
      <subfield code="a">** [Caput primum]</subfield>
      <subfield code="g">f. 33v-37r</subfield>
    </datafield>
    <datafield tag="505" ind1="0" ind2=" ">
      <subfield code="a">** Caput secundum de enunatiotione certa certofalsa et dubia</subfield>
      <subfield code="g">f. 37r-38v</subfield>
    </datafield>
    <datafield tag="505" ind1="0" ind2=" ">
      <subfield code="a">** Caput tertium De requesitis et sufficientia ...</subfield>
      <subfield code="g">f. 39r-39v</subfield>
    </datafield>
    <datafield tag="505" ind1="0" ind2=" ">
      <subfield code="a">** Caput quartum Qualis debeat esse contradictoria ....</subfield>
      <subfield code="g">f. 39v-40r</subfield>
    </datafield>
    <datafield tag="505" ind1="0" ind2=" ">
      <subfield code="a">* Liber quartus De tertia mentis operatione</subfield>
      <subfield code="g">f. 40v-51v</subfield>
    </datafield>
    <datafield tag="505" ind1="0" ind2=" ">
      <subfield code="a">** Caput primum De argumentatione formali</subfield>
      <subfield code="g">f. 42r-42v</subfield>
    </datafield>
    <datafield tag="505" ind1="0" ind2=" ">
      <subfield code="a">** Caput secundum De convertione interminis</subfield>
      <subfield code="g">f. 42v-43v</subfield>
    </datafield>
    <datafield tag="505" ind1="0" ind2=" ">
      <subfield code="a">** Caput tertium De sylogismo</subfield>
      <subfield code="g">f. 43v-44v</subfield>
    </datafield>
    <datafield tag="505" ind1="0" ind2=" ">
      <subfield code="a">** Caput quartum De figuris sylogisticis</subfield>
      <subfield code="g">f. 45r-45v</subfield>
    </datafield>
    <datafield tag="505" ind1="0" ind2=" ">
      <subfield code="a">** Caput quintum De modis sylogisticis</subfield>
      <subfield code="g">f. 45v-47v</subfield>
    </datafield>
    <datafield tag="505" ind1="0" ind2=" ">
      <subfield code="a">** Caput sextum De entaimemate (?)</subfield>
      <subfield code="g">f. 48r-48v</subfield>
    </datafield>
    <datafield tag="505" ind1="0" ind2=" ">
      <subfield code="a">** Caput septimum De sylogismo generaliter</subfield>
      <subfield code="g">f. 48v-49r</subfield>
    </datafield>
    <datafield tag="505" ind1="0" ind2=" ">
      <subfield code="a">** Caput octavum De sylogismo thopico et divisionibus ejus</subfield>
      <subfield code="g">f. 49r-50v</subfield>
    </datafield>
    <datafield tag="505" ind1="0" ind2=" ">
      <subfield code="a">** Caput nonum De scientia sophistica</subfield>
      <subfield code="g">f. 50v</subfield>
    </datafield>
    <datafield tag="505" ind1="0" ind2=" ">
      <subfield code="a">** Caput ultimum De redargutione</subfield>
      <subfield code="g">f. 51r-51v</subfield>
    </datafield>
    <datafield tag="505" ind1="0" ind2=" ">
      <subfield code="a">* Index dictatorum logicalium</subfield>
      <subfield code="g">f. 55r-62r</subfield>
    </datafield>
    <datafield tag="505" ind1="0" ind2=" ">
      <subfield code="a">Annotata logicalia sub doctissimo domino d[omi]no I. Vandenhove professore maiore paedagogii Castrensis. Scripta per Norbertum Ligiers Gan[den]sem. Anno 1693 1964</subfield>
      <subfield code="g">f. 71r-295v</subfield>
    </datafield>
    <datafield tag="505" ind1="0" ind2=" ">
      <subfield code="a">Annotata in logicam pars prima sub doctissimio domino D. Ioanne Vandenhove philosophiae professore primario. Scribebat Norbertus Iosephus Ligiers Gandensis. Anno 1693 Lovanii in paedagogio Castri</subfield>
    </datafield>
    <datafield tag="505" ind1="0" ind2=" ">
      <subfield code="a">* Caput primum Quid philosophia</subfield>
      <subfield code="g">f. 3r-74v</subfield>
    </datafield>
    <datafield tag="505" ind1="0" ind2=" ">
      <subfield code="a">* Caput secundum Quid logica</subfield>
      <subfield code="g">f. 74v-76r</subfield>
    </datafield>
    <datafield tag="505" ind1="0" ind2=" ">
      <subfield code="a">* Tractatus primus</subfield>
      <subfield code="g">f. 76r-186v</subfield>
    </datafield>
    <datafield tag="505" ind1="0" ind2=" ">
      <subfield code="a">** Caput primum De prima mentis operatione</subfield>
      <subfield code="g">f. 76r-77v</subfield>
    </datafield>
    <datafield tag="505" ind1="0" ind2=" ">
      <subfield code="a">** Caput secundum De forma et subiecto</subfield>
      <subfield code="g">f. 78r-85v</subfield>
    </datafield>
    <datafield tag="505" ind1="0" ind2=" ">
      <subfield code="a">** Caput tertium De puro modo, et restricae entitatis</subfield>
      <subfield code="g">f. 85v-88r</subfield>
    </datafield>
    <datafield tag="505" ind1="0" ind2=" ">
      <subfield code="a">** Caput quartum De toto et parte</subfield>
      <subfield code="g">f. 88r-110v</subfield>
    </datafield>
    <datafield tag="505" ind1="0" ind2=" ">
      <subfield code="a">** Caput quintum De unione</subfield>
      <subfield code="g">f. 110v-118r</subfield>
    </datafield>
    <datafield tag="505" ind1="0" ind2=" ">
      <subfield code="a">** Caput sextum De modis inexistendi</subfield>
      <subfield code="g">f. 118v-129r</subfield>
    </datafield>
    <datafield tag="505" ind1="0" ind2=" ">
      <subfield code="a">** Caput septimum De eisdem et diversis</subfield>
      <subfield code="g">f. 129r-138r</subfield>
    </datafield>
    <datafield tag="505" ind1="0" ind2=" ">
      <subfield code="a">** Caput octavum De universalibus</subfield>
      <subfield code="g">f. 138r-159v</subfield>
    </datafield>
    <datafield tag="505" ind1="0" ind2=" ">
      <subfield code="a">* Liber secundus De praedicamentis</subfield>
      <subfield code="g">f. 159v-186v</subfield>
    </datafield>
    <datafield tag="505" ind1="0" ind2=" ">
      <subfield code="a">** Caput primum De ente praedicamentali</subfield>
      <subfield code="g">f. 159v-163r</subfield>
    </datafield>
    <datafield tag="505" ind1="0" ind2=" ">
      <subfield code="a">** Caput secundum De praedicamento et linea praedicamentali</subfield>
      <subfield code="g">f. 163r-164v</subfield>
    </datafield>
    <datafield tag="505" ind1="0" ind2=" ">
      <subfield code="a">** Caput tertium De substantia et de accidente</subfield>
      <subfield code="g">f. 164v-166v</subfield>
    </datafield>
    <datafield tag="505" ind1="0" ind2=" ">
      <subfield code="a">** Caput quartum De praedicamento quantitatis</subfield>
      <subfield code="g">f. 166v-171v</subfield>
    </datafield>
    <datafield tag="505" ind1="0" ind2=" ">
      <subfield code="a">** Caput quintum De qualitate</subfield>
      <subfield code="g">f. 171v-176r</subfield>
    </datafield>
    <datafield tag="505" ind1="0" ind2=" ">
      <subfield code="a">** Caput sextum De gradibus philosophicis</subfield>
      <subfield code="g">f. 176r-178v</subfield>
    </datafield>
    <datafield tag="505" ind1="0" ind2=" ">
      <subfield code="a">** Caput septimum De relatione</subfield>
      <subfield code="g">f. 180r-182r</subfield>
    </datafield>
    <datafield tag="505" ind1="0" ind2=" ">
      <subfield code="a">** Caput octavum De sex ultimis praedicamentis</subfield>
      <subfield code="g">f. 182v-183r</subfield>
    </datafield>
    <datafield tag="505" ind1="0" ind2=" ">
      <subfield code="a">** Caput nonum De repugnantibus realibus</subfield>
      <subfield code="g">f. 183v-186v</subfield>
    </datafield>
    <datafield tag="505" ind1="0" ind2=" ">
      <subfield code="a">* Liber tertius De secunda mentis operatione</subfield>
      <subfield code="g">f. 188r-229r</subfield>
    </datafield>
    <datafield tag="505" ind1="0" ind2=" ">
      <subfield code="a">** [Caput primum]</subfield>
      <subfield code="g">f. 188r-192v</subfield>
    </datafield>
    <datafield tag="505" ind1="0" ind2=" ">
      <subfield code="a">** Caput secundum De scientia opinione et fide</subfield>
      <subfield code="g">f. 192v-203r</subfield>
    </datafield>
    <datafield tag="505" ind1="0" ind2=" ">
      <subfield code="a">** Caput tertium Utrium judicuum sit actus intellectus an voluntatis</subfield>
      <subfield code="g">f. 203r-208r</subfield>
    </datafield>
    <datafield tag="505" ind1="0" ind2=" ">
      <subfield code="a">** Caput quartum De enuntiatione certa, certofalsa, dubia &amp;</subfield>
      <subfield code="g">f. 208r-216r</subfield>
    </datafield>
    <datafield tag="505" ind1="0" ind2=" ">
      <subfield code="a">** Caput quintum De requesitis et sufficientia</subfield>
      <subfield code="g">f. 216r-222r</subfield>
    </datafield>
    <datafield tag="505" ind1="0" ind2=" ">
      <subfield code="a">** Caput sextum Qualis debeat esse contradictoria, contraria, subcontraria, subalterna enuntiationibus certae, dubiae, &amp;.</subfield>
      <subfield code="g">f. 222r-227v</subfield>
    </datafield>
    <datafield tag="505" ind1="0" ind2=" ">
      <subfield code="a">** Appendix ad praecedentem materiam</subfield>
      <subfield code="g">f. 227r-229r</subfield>
    </datafield>
    <datafield tag="505" ind1="0" ind2=" ">
      <subfield code="a">* Liber quartus De tertia mentis operatione</subfield>
      <subfield code="g">f. 229v-283r</subfield>
    </datafield>
    <datafield tag="505" ind1="0" ind2=" ">
      <subfield code="a">** Caput primum De argumentatione generaliter</subfield>
      <subfield code="g">f. 229v-231v</subfield>
    </datafield>
    <datafield tag="505" ind1="0" ind2=" ">
      <subfield code="a">** Caput secundum De argumentatione formali</subfield>
      <subfield code="g">f. 232r-235v</subfield>
    </datafield>
    <datafield tag="505" ind1="0" ind2=" ">
      <subfield code="a">** Caput tertium De convertione in terminis</subfield>
      <subfield code="g">f. 235v-240r</subfield>
    </datafield>
    <datafield tag="505" ind1="0" ind2=" ">
      <subfield code="a">** Caput quartum De sylogismo</subfield>
      <subfield code="g">f. 240r-249v</subfield>
    </datafield>
    <datafield tag="505" ind1="0" ind2=" ">
      <subfield code="a">** Caput quintum De figuris sylogisticis</subfield>
      <subfield code="g">f. 249v-252v</subfield>
    </datafield>
    <datafield tag="505" ind1="0" ind2=" ">
      <subfield code="a">** Caput sextum De modis nominatis</subfield>
      <subfield code="g">f. 252v-268r</subfield>
    </datafield>
    <datafield tag="505" ind1="0" ind2=" ">
      <subfield code="a">** Caput septimum De entaimenate</subfield>
      <subfield code="g">f. 268v-270v</subfield>
    </datafield>
    <datafield tag="505" ind1="0" ind2=" ">
      <subfield code="a">** Caput octavum De sylogismo generaliter</subfield>
      <subfield code="g">f. 270v-272v</subfield>
    </datafield>
    <datafield tag="505" ind1="0" ind2=" ">
      <subfield code="a">** Caput nonum De sylogismo thopico</subfield>
      <subfield code="g">f. 272v-277v</subfield>
    </datafield>
    <datafield tag="505" ind1="0" ind2=" ">
      <subfield code="a">** Caput decimum De scientia sophistica</subfield>
      <subfield code="g">f. 277v-279v</subfield>
    </datafield>
    <datafield tag="505" ind1="0" ind2=" ">
      <subfield code="a">** Caput ultimum De redargutione</subfield>
      <subfield code="g">f. 279v-283r</subfield>
    </datafield>
    <datafield tag="505" ind1="0" ind2=" ">
      <subfield code="a">* Index annotatorum logicalium sub doctissimo domino J. Vandenhove</subfield>
      <subfield code="g">f. 287r-295v</subfield>
    </datafield>
    <datafield tag="505" ind1="0" ind2=" ">
      <subfield code="a">Dictata logicalia sub doctissimo Domino D[omi]no Quareux professore minore pedagogii Castrensis. Scripta per Norbertum Iosephum Ligeirs Gan[den]sem. Anno 1693 1694</subfield>
      <subfield code="g">f. 303r-362</subfield>
    </datafield>
    <datafield tag="505" ind1="0" ind2=" ">
      <subfield code="a">Dictata in logicam pars secunda sub doctissimo Domino D[omi]no Gerardo e Quareux philosophiae professore secundario. Scribebat Norbertus Iosephus Ligiers Gandensis: Anno 1693 Lovanii in pædagogio Castri</subfield>
    </datafield>
    <datafield tag="505" ind1="0" ind2=" ">
      <subfield code="a">* Praefatio in logicam</subfield>
      <subfield code="g">f. 305r-306r</subfield>
    </datafield>
    <datafield tag="505" ind1="0" ind2=" ">
      <subfield code="a">* Tractatus primus De instrumentis sciendi</subfield>
      <subfield code="g">f. 306v-312v</subfield>
    </datafield>
    <datafield tag="505" ind1="0" ind2=" ">
      <subfield code="a">* Tractatus secundus De signis et vocibus</subfield>
      <subfield code="g">f. 312v-324v</subfield>
    </datafield>
    <datafield tag="505" ind1="0" ind2=" ">
      <subfield code="a">**Pars prima De signis</subfield>
      <subfield code="g">f. 312v-316r</subfield>
    </datafield>
    <datafield tag="505" ind1="0" ind2=" ">
      <subfield code="a">** Pars secunda De vocibus</subfield>
      <subfield code="g">f. 316r-324v</subfield>
    </datafield>
    <datafield tag="505" ind1="0" ind2=" ">
      <subfield code="a">* Tractatus tertius De acceptione vocum</subfield>
      <subfield code="g">f. 324v-332r</subfield>
    </datafield>
    <datafield tag="505" ind1="0" ind2=" ">
      <subfield code="a">* Tractatus quartus De enuntiationibus</subfield>
      <subfield code="g">f. 332r-343v</subfield>
    </datafield>
    <datafield tag="505" ind1="0" ind2=" ">
      <subfield code="a">** Pars prima De enuntiationibus simplici</subfield>
    </datafield>
    <datafield tag="505" ind1="0" ind2=" ">
      <subfield code="a">** Caput primum De oratione</subfield>
      <subfield code="g">f. 332r- 333r</subfield>
    </datafield>
    <datafield tag="505" ind1="0" ind2=" ">
      <subfield code="a">** Caput secundum De enuntiatione</subfield>
      <subfield code="g">f. 333r-339r</subfield>
    </datafield>
    <datafield tag="505" ind1="0" ind2=" ">
      <subfield code="a">** Caput tertium Quid propositiones incidentes</subfield>
      <subfield code="g">f. 339v-340v</subfield>
    </datafield>
    <datafield tag="505" ind1="0" ind2=" ">
      <subfield code="a">** Caput quartum De propositionibus exponibilibus</subfield>
      <subfield code="g">f. 340v-342v</subfield>
    </datafield>
    <datafield tag="505" ind1="0" ind2=" ">
      <subfield code="a">** Caput quintum De propositione replicativa</subfield>
      <subfield code="g">f. 342v-343v</subfield>
    </datafield>
    <datafield tag="505" ind1="0" ind2=" ">
      <subfield code="a">* Tractatus quintus</subfield>
      <subfield code="g">f. 343v-350v</subfield>
    </datafield>
    <datafield tag="505" ind1="0" ind2=" ">
      <subfield code="a">** Pars prima De enuntiationibus compositis</subfield>
      <subfield code="g">f. 343v-348r</subfield>
    </datafield>
    <datafield tag="505" ind1="0" ind2=" ">
      <subfield code="a">** [Pars secunda] Tractatus quarti pas tertia</subfield>
      <subfield code="g">f. 348r-350v</subfield>
    </datafield>
    <datafield tag="505" ind1="0" ind2=" ">
      <subfield code="a">* Tractatus quintus [= ultimum] De locis thopicis</subfield>
      <subfield code="g">f. 351r-356r</subfield>
    </datafield>
    <datafield tag="505" ind1="0" ind2=" ">
      <subfield code="a">* Index dictatorum logicalium sub doctissimo domino : Quareux</subfield>
      <subfield code="g">f. 357r-362v</subfield>
    </datafield>
    <datafield tag="505" ind1="0" ind2=" ">
      <subfield code="a">Annotata logicalia sub doctissimo Domino D[omi]no Quareux professore minore pædagogii Castrensis. Scripta per Norbertum Iosephum Ligiers Gan[den]sem. Anno 1693 1694</subfield>
      <subfield code="g">f. 373r-624v</subfield>
    </datafield>
    <datafield tag="505" ind1="0" ind2=" ">
      <subfield code="a">Annotata in logicam pars secunda sub doctissimo Domino D: Nicolao Quareux philosophiæ professore secundario. Scribebat Norbertus Iosephus Ligiers Gandensis: Anno 1693 Lovanii in pædagogio Castri</subfield>
    </datafield>
    <datafield tag="505" ind1="0" ind2=" ">
      <subfield code="a">* Tractatus primus De instrumentis sciendi</subfield>
      <subfield code="g">f. 315r-387r</subfield>
    </datafield>
    <datafield tag="505" ind1="0" ind2=" ">
      <subfield code="a">** Caput primum De definitione</subfield>
      <subfield code="g">f. 375r-382r</subfield>
    </datafield>
    <datafield tag="505" ind1="0" ind2=" ">
      <subfield code="a">** Caput secundum De divisione</subfield>
      <subfield code="g">f. 382r-384v</subfield>
    </datafield>
    <datafield tag="505" ind1="0" ind2=" ">
      <subfield code="a">** Caput tertium De argumentatione</subfield>
      <subfield code="g">f. 384v-387r</subfield>
    </datafield>
    <datafield tag="505" ind1="0" ind2=" ">
      <subfield code="a">* Tractatus secundus De signis et vocibus</subfield>
      <subfield code="g">f. 387r-486v</subfield>
    </datafield>
    <datafield tag="505" ind1="0" ind2=" ">
      <subfield code="a">** Pars prima De signis</subfield>
      <subfield code="g">f. 387r-398v</subfield>
    </datafield>
    <datafield tag="505" ind1="0" ind2=" ">
      <subfield code="a">** Pars secunda De vocibus</subfield>
      <subfield code="g">f. 398v-446v</subfield>
    </datafield>
    <datafield tag="505" ind1="0" ind2=" ">
      <subfield code="a">* Tractatus tertius De acceptionibus vocum et earum affectionibus item requesitis</subfield>
      <subfield code="g">f. 446v-473r</subfield>
    </datafield>
    <datafield tag="505" ind1="0" ind2=" ">
      <subfield code="a">** Caput primum De acceptione generaliter</subfield>
      <subfield code="g">f. 446v-450r</subfield>
    </datafield>
    <datafield tag="505" ind1="0" ind2=" ">
      <subfield code="a">** Caput secundum De acceptione simplici</subfield>
      <subfield code="g">f. 450r-451r</subfield>
    </datafield>
    <datafield tag="505" ind1="0" ind2=" ">
      <subfield code="a">** Caput tertium De acceptione personali</subfield>
      <subfield code="g">f. 451r-451v</subfield>
    </datafield>
    <datafield tag="505" ind1="0" ind2=" ">
      <subfield code="a">** Caput quartum De acceptione absoluta</subfield>
      <subfield code="g">f. 452r-452v</subfield>
    </datafield>
    <datafield tag="505" ind1="0" ind2=" ">
      <subfield code="a">** Caput quintum De acceptione communi et singulari</subfield>
      <subfield code="g">f. 453r-454r</subfield>
    </datafield>
    <datafield tag="505" ind1="0" ind2=" ">
      <subfield code="a">** Caput sextum De acceptione copulativa</subfield>
      <subfield code="g">f. 454r-460r</subfield>
    </datafield>
    <datafield tag="505" ind1="0" ind2=" ">
      <subfield code="a">** Caput septimum De acceptione copulata</subfield>
      <subfield code="g">f. 460r-461r</subfield>
    </datafield>
    <datafield tag="505" ind1="0" ind2=" ">
      <subfield code="a">** Caput octavum De acceptione disiunctiva</subfield>
      <subfield code="g">f. 461r-463r</subfield>
    </datafield>
    <datafield tag="505" ind1="0" ind2=" ">
      <subfield code="a">** Caput nonum De acceptione disiuncta sine confusa</subfield>
      <subfield code="g">f. 463r-465r</subfield>
    </datafield>
    <datafield tag="505" ind1="0" ind2=" ">
      <subfield code="a">** Caput decimum De stau distractione et ampliatione</subfield>
      <subfield code="g">f. 465v-470v</subfield>
    </datafield>
    <datafield tag="505" ind1="0" ind2=" ">
      <subfield code="a">** Caput ultimum De appellatione</subfield>
      <subfield code="g">f. 471r-473r</subfield>
    </datafield>
    <datafield tag="505" ind1="0" ind2=" ">
      <subfield code="a">* Tractatus quartus De enuntiationibus</subfield>
      <subfield code="g">f. 473r-540r</subfield>
    </datafield>
    <datafield tag="505" ind1="0" ind2=" ">
      <subfield code="a">** Pars prima De enuntiationibus simplici</subfield>
      <subfield code="g">f. 473r-486r</subfield>
    </datafield>
    <datafield tag="505" ind1="0" ind2=" ">
      <subfield code="a">** Pars secunda De enuntiationibus compositis</subfield>
      <subfield code="g">f. 486v-515v</subfield>
    </datafield>
    <datafield tag="505" ind1="0" ind2=" ">
      <subfield code="a">** Pars tertia De propositionibus repugnantibus oppositis et subalternis</subfield>
      <subfield code="g">f. 515v-540r</subfield>
    </datafield>
    <datafield tag="505" ind1="0" ind2=" ">
      <subfield code="a">* Tractatus quintus Pars prima De locis thopicis</subfield>
      <subfield code="g">f. 540v-561r</subfield>
    </datafield>
    <datafield tag="505" ind1="0" ind2=" ">
      <subfield code="a">** Caput primum De argumentatione thopica</subfield>
      <subfield code="g">f. 540v-542v</subfield>
    </datafield>
    <datafield tag="505" ind1="0" ind2=" ">
      <subfield code="a">** Caput secundum De loco a convertibili</subfield>
      <subfield code="g">f. 542v-546r</subfield>
    </datafield>
    <datafield tag="505" ind1="0" ind2=" ">
      <subfield code="a">** Caput tertium De loco a genere ad speciem</subfield>
      <subfield code="g">f. 546r-547v</subfield>
    </datafield>
    <datafield tag="505" ind1="0" ind2=" ">
      <subfield code="a">** Caput quartum De loco a specie ad genus</subfield>
      <subfield code="g">f. 548r-550r</subfield>
    </datafield>
    <datafield tag="505" ind1="0" ind2=" ">
      <subfield code="a">** Caput quintum De loco ab excedentibus et excessis</subfield>
      <subfield code="g">f. 550r-552r</subfield>
    </datafield>
    <datafield tag="505" ind1="0" ind2=" ">
      <subfield code="a">** Caput sextum De loco a repugnantibus</subfield>
      <subfield code="g">f. 552r-553r</subfield>
    </datafield>
    <datafield tag="505" ind1="0" ind2=" ">
      <subfield code="a">** Caput septimum De loco a contradictoriis</subfield>
      <subfield code="g">f. 539v-561r</subfield>
    </datafield>
    <datafield tag="505" ind1="0" ind2=" ">
      <subfield code="a">* Tractatus quintus pars secunda De locis minus famosis</subfield>
      <subfield code="g">f. 561r-570v</subfield>
    </datafield>
    <datafield tag="505" ind1="0" ind2=" ">
      <subfield code="a">** Caput primum De inductione</subfield>
      <subfield code="g">f. 561r-562r</subfield>
    </datafield>
    <datafield tag="505" ind1="0" ind2=" ">
      <subfield code="a">** Caput secundum De divisis ad coniuncta et contra de coniunxtis ad divisa</subfield>
      <subfield code="g">f. 562v-565v</subfield>
    </datafield>
    <datafield tag="505" ind1="0" ind2=" ">
      <subfield code="a">** Caput tertium De loco a communiter accidentibus</subfield>
      <subfield code="g">f. 565v-566r</subfield>
    </datafield>
    <datafield tag="505" ind1="0" ind2=" ">
      <subfield code="a">** Caput quartum De loco ab auctoritate</subfield>
      <subfield code="g">f. 566r-567r</subfield>
    </datafield>
    <datafield tag="505" ind1="0" ind2=" ">
      <subfield code="a">** Caput quintum De loco a toto copulativo ad partem</subfield>
      <subfield code="g">f. 567r-567v</subfield>
    </datafield>
    <datafield tag="505" ind1="0" ind2=" ">
      <subfield code="a">** Caput sextum De loco ab inesse ad denominare</subfield>
      <subfield code="g">f. 567v-568r</subfield>
    </datafield>
    <datafield tag="505" ind1="0" ind2=" ">
      <subfield code="a">** Caput septimum De argumento per conditionales</subfield>
      <subfield code="g">f. 568r-568v</subfield>
    </datafield>
    <datafield tag="505" ind1="0" ind2=" ">
      <subfield code="a">** Caput ultimum De loco a pari</subfield>
      <subfield code="g">f. 568v-570v</subfield>
    </datafield>
    <datafield tag="505" ind1="0" ind2=" ">
      <subfield code="a">* Index annotatorum logicalium sub doctissimo domino N: Quareux</subfield>
      <subfield code="g">f. 577r-584v</subfield>
    </datafield>
    <datafield tag="546" ind1=" " ind2=" ">
      <subfield code="a">Latin</subfield>
    </datafield>
    <datafield tag="653" ind1=" " ind2="6">
      <subfield code="a">Manuscripts</subfield>
    </datafield>
    <datafield tag="653" ind1=" " ind2="6">
      <subfield code="a">Lecture notes</subfield>
    </datafield>
    <datafield tag="700" ind1="1" ind2=" ">
      <subfield code="a">van den Hove, Joannes</subfield>
      <subfield code="4">pfs</subfield>
      <subfield code="3">professor primarius</subfield>
    </datafield>
    <datafield tag="700" ind1="1" ind2=" ">
      <subfield code="a">de Quareux, Gerardus Josephus</subfield>
      <subfield code="d">1664-1741</subfield>
      <subfield code="4">pfs</subfield>
      <subfield code="3">professor secundarius</subfield>
    </datafield>
    <datafield tag="700" ind1="1" ind2=" ">
      <subfield code="a">Lisiers, Norbertus Josephus</subfield>
      <subfield code="4">stu</subfield>
    </datafield>
    <datafield tag="700" ind1="1" ind2=" ">
      <subfield code="a">Loemans, Arnold</subfield>
      <subfield code="g">Flemish printmaker, active 1632-1656</subfield>
      <subfield code="4">egr</subfield>
    </datafield>
    <datafield tag="700" ind1="1" ind2=" ">
      <subfield code="a">Wyckmans, François</subfield>
      <subfield code="4">prt</subfield>
    </datafield>
    <datafield tag="700" ind1="1" ind2=" ">
      <subfield code="a">Haye, Michael</subfield>
      <subfield code="d">?-1676</subfield>
      <subfield code="g">Flemish printmaker, draftsman and publisher</subfield>
      <subfield code="4">egr</subfield>
    </datafield>
    <datafield tag="700" ind1="1" ind2=" ">
      <subfield code="a">Possemiers, Adriaen</subfield>
      <subfield code="g">Flemish publisher, active 1670-1685</subfield>
      <subfield code="3">probably publisher</subfield>
      <subfield code="4">art</subfield>
    </datafield>
    <datafield tag="700" ind1="1" ind2=" ">
      <subfield code="a">Quellinus, Erasmus,</subfield>
      <subfield code="c">II,</subfield>
      <subfield code="d">1607-1678</subfield>
      <subfield code="4">art</subfield>
    </datafield>
    <datafield tag="700" ind1="1" ind2=" ">
      <subfield code="a">Huybrechts, Peeter</subfield>
      <subfield code="d">1614-1660</subfield>
      <subfield code="g">Flemish printmaker and publisher</subfield>
      <subfield code="4">egr</subfield>
    </datafield>
    <datafield tag="830" ind1=" " ind2="0">
      <subfield code="a">Topica</subfield>
    </datafield>
    <datafield tag="830" ind1=" " ind2="0">
      <subfield code="a">Prooemium in Logicam</subfield>
    </datafield>
    <datafield tag="830" ind1=" " ind2="0">
      <subfield code="a">Prolegomena philosophiae</subfield>
    </datafield>
    <datafield tag="830" ind1=" " ind2="0">
      <subfield code="a">Praedicamenta</subfield>
    </datafield>
    <datafield tag="830" ind1=" " ind2="0">
      <subfield code="a">De vocibus</subfield>
    </datafield>
    <datafield tag="830" ind1=" " ind2="0">
      <subfield code="a">De signo</subfield>
    </datafield>
    <datafield tag="830" ind1=" " ind2="0">
      <subfield code="a">De secunda mentis operatione</subfield>
    </datafield>
    <datafield tag="830" ind1=" " ind2="0">
      <subfield code="a">De prima mentis operatione</subfield>
    </datafield>
    <datafield tag="830" ind1=" " ind2="0">
      <subfield code="a">De iudicio</subfield>
    </datafield>
    <datafield tag="830" ind1=" " ind2="0">
      <subfield code="a">De instrumentis sciendi</subfield>
    </datafield>
    <datafield tag="830" ind1=" " ind2="0">
      <subfield code="a">De ideis</subfield>
    </datafield>
    <datafield tag="830" ind1=" " ind2="0">
      <subfield code="a">De enuntiationibus</subfield>
    </datafield>
    <datafield tag="830" ind1=" " ind2="0">
      <subfield code="a">De enuntiatione</subfield>
    </datafield>
    <datafield tag="830" ind1=" " ind2="0">
      <subfield code="a">De discursu</subfield>
    </datafield>
    <datafield tag="830" ind1=" " ind2="0">
      <subfield code="a">De acceptionibus vocum</subfield>
    </datafield>
    <datafield tag="830" ind1=" " ind2="0">
      <subfield code="a">Categoriae</subfield>
    </datafield>
    <datafield tag="856" ind1="4" ind2="0">
      <subfield code="u">http://resolver.lias.be/get_pid?view&amp;usagetype=VIEW_MAIN,VIEW&amp;pid=1823180</subfield>
      <subfield code="y">Online version in LIAS</subfield>
    </datafield>
    <datafield tag="852" ind1=" " ind2=" ">
      <subfield code="8">22319525100001488</subfield>
      <subfield code="b">BIBC</subfield>
      <subfield code="c">BRES</subfield>
      <subfield code="h">Ms. 353</subfield>
    </datafield>
    <datafield tag="900" ind1=" " ind2=" ">
      <subfield code="a">CONSOLIDATED RECORD</subfield>
      <subfield code="b">KU Leuven</subfield>
    </datafield>
    <datafield tag="950" ind1=" " ind2=" ">
      <subfield code="a">f. 1r : coloured</subfield>
      <subfield code="b">engraved titlepage</subfield>
      <subfield code="c">Castrum bella gerit (Arnold Loemans sculpsit. Franciscus Wijckmans exc.)</subfield>
    </datafield>
    <datafield tag="950" ind1=" " ind2=" ">
      <subfield code="a">f. 3v :</subfield>
      <subfield code="b">engraving(s)</subfield>
      <subfield code="c">Quicumque es solo studiosus nomine, ... (Apud Michaelem Haije Louanij prope Predicatores hybernos)</subfield>
    </datafield>
    <datafield tag="950" ind1=" " ind2=" ">
      <subfield code="a">f. 13v :</subfield>
      <subfield code="b">engraving(s)</subfield>
      <subfield code="c">medaillon with 2 wings [de gravitate et levitate]</subfield>
    </datafield>
    <datafield tag="950" ind1=" " ind2=" ">
      <subfield code="a">f. 27v :</subfield>
      <subfield code="b">engraving(s)</subfield>
      <subfield code="c">Arbor Porphyrii (Apud Michaelem Hayé Lovany prope Prædicatores hybernos)</subfield>
    </datafield>
    <datafield tag="950" ind1=" " ind2=" ">
      <subfield code="a">f. 41r : engraved</subfield>
      <subfield code="b">portrait(s)</subfield>
      <subfield code="c">Innocentivs. XII Pignatellvs pontifex maximus creatus die 12 Iulij MDC LXXXXI (Adr. Possemiers. ex. Antverpiæ.)</subfield>
    </datafield>
    <datafield tag="950" ind1=" " ind2=" ">
      <subfield code="a">f. 52r :</subfield>
      <subfield code="b">engraving(s)</subfield>
      <subfield code="c">Fine coronato nobilitatur opus</subfield>
    </datafield>
    <datafield tag="950" ind1=" " ind2=" ">
      <subfield code="a">f. 71r : coloured</subfield>
      <subfield code="b">engraved titlepage</subfield>
      <subfield code="c">Castrum bella gerit (Arnold Loemans sculpsit. Franciscus Wijckmans exc.)</subfield>
    </datafield>
    <datafield tag="950" ind1=" " ind2=" ">
      <subfield code="a">f. 100v : red</subfield>
      <subfield code="b">engraving(s)</subfield>
      <subfield code="c">Mi Bacche da matri meæ qvaes lætvs vvas adferam</subfield>
    </datafield>
    <datafield tag="950" ind1=" " ind2=" ">
      <subfield code="a">f. 111r : coloured</subfield>
      <subfield code="b">engraving(s)</subfield>
      <subfield code="c">Salvator mvundi (Michael Haijé excud. Antverpiæ)</subfield>
    </datafield>
    <datafield tag="950" ind1=" " ind2=" ">
      <subfield code="a">f. 116v : red</subfield>
      <subfield code="b">engraving(s)</subfield>
      <subfield code="c">Entia per accidens</subfield>
    </datafield>
    <datafield tag="950" ind1=" " ind2=" ">
      <subfield code="a">f. 128v : red</subfield>
      <subfield code="b">engraving(s)</subfield>
      <subfield code="c">Rosarivm nominis Dei</subfield>
    </datafield>
    <datafield tag="950" ind1=" " ind2=" ">
      <subfield code="a">f. 137v :</subfield>
      <subfield code="b">engraving(s)</subfield>
      <subfield code="c">Inde ventvrvs est ivdicare vivos et mortvos : de vniuersali</subfield>
    </datafield>
    <datafield tag="950" ind1=" " ind2=" ">
      <subfield code="a">f. 152r :</subfield>
      <subfield code="b">engraving(s)</subfield>
      <subfield code="c">De differentia generaliter</subfield>
    </datafield>
    <datafield tag="950" ind1=" " ind2=" ">
      <subfield code="a">f. 165v :</subfield>
      <subfield code="b">engraving(s)</subfield>
      <subfield code="c">Arbor Porphyrii (Apud Michaelem Hayé Lovany prope Prædicatores Hybernos)</subfield>
    </datafield>
    <datafield tag="950" ind1=" " ind2=" ">
      <subfield code="a">f. 167r :</subfield>
      <subfield code="b">engraving(s)</subfield>
      <subfield code="c">De quantitate</subfield>
    </datafield>
    <datafield tag="950" ind1=" " ind2=" ">
      <subfield code="a">f. 175v :</subfield>
      <subfield code="b">engraving(s)</subfield>
      <subfield code="c">De gradibus</subfield>
    </datafield>
    <datafield tag="950" ind1=" " ind2=" ">
      <subfield code="a">f. 179v :</subfield>
      <subfield code="b">engraving(s)</subfield>
      <subfield code="c">De relatione</subfield>
    </datafield>
    <datafield tag="950" ind1=" " ind2=" ">
      <subfield code="a">f. 184r :</subfield>
      <subfield code="b">engraving(s)</subfield>
      <subfield code="c">de repugnantibus realibus</subfield>
    </datafield>
    <datafield tag="950" ind1=" " ind2=" ">
      <subfield code="a">f. 187v :</subfield>
      <subfield code="b">engraving(s)</subfield>
      <subfield code="c">Ver. ( Eras. Quellin. delin. Michael Haÿeé excudit)</subfield>
    </datafield>
    <datafield tag="950" ind1=" " ind2=" ">
      <subfield code="a">f. 195v :</subfield>
      <subfield code="b">engraving(s)</subfield>
      <subfield code="c">Æstas.</subfield>
    </datafield>
    <datafield tag="950" ind1=" " ind2=" ">
      <subfield code="a">f. 202r :</subfield>
      <subfield code="b">engraving(s)</subfield>
      <subfield code="c">Autumnus.</subfield>
    </datafield>
    <datafield tag="950" ind1=" " ind2=" ">
      <subfield code="a">f. 207v :</subfield>
      <subfield code="b">engraving(s)</subfield>
      <subfield code="c">Hyems.</subfield>
    </datafield>
    <datafield tag="950" ind1=" " ind2=" ">
      <subfield code="a">f. 215v :</subfield>
      <subfield code="b">engraving(s)</subfield>
      <subfield code="c">De requisitis (Micael haiee excud..[illisible])</subfield>
    </datafield>
    <datafield tag="950" ind1=" " ind2=" ">
      <subfield code="a">f. 225r :</subfield>
      <subfield code="b">engraving(s)</subfield>
      <subfield code="c">4 Misteres glorieux Jesus qui auez esleué Vostre S. Mere au Ciel ayes pitié de mo (M. Hayé excudit)</subfield>
    </datafield>
    <datafield tag="950" ind1=" " ind2=" ">
      <subfield code="a">f. 230r :</subfield>
      <subfield code="b">engraving(s)</subfield>
      <subfield code="c">De argumentatione (Michael Haye exc)</subfield>
    </datafield>
    <datafield tag="950" ind1=" " ind2=" ">
      <subfield code="a">f. 243v :</subfield>
      <subfield code="b">engraving(s)</subfield>
      <subfield code="c">Pons asinorvm (Lovany apvd Michaelem Haye prope prædicatores hybernos)</subfield>
    </datafield>
    <datafield tag="950" ind1=" " ind2=" ">
      <subfield code="a">f. 255v :</subfield>
      <subfield code="b">engraving(s)</subfield>
      <subfield code="c">De sillogismo in baroco (Apud Michaelem Haye Lovany Prope Predicatores Hibernos cum Preuil)</subfield>
    </datafield>
    <datafield tag="950" ind1=" " ind2=" ">
      <subfield code="a">f. 262v :</subfield>
      <subfield code="b">engraving(s)</subfield>
      <subfield code="c">de somno et vigilia</subfield>
    </datafield>
    <datafield tag="950" ind1=" " ind2=" ">
      <subfield code="a">f. 273r : red</subfield>
      <subfield code="b">engraving(s)</subfield>
      <subfield code="c">woman with compass on globe, snake and toad</subfield>
    </datafield>
    <datafield tag="950" ind1=" " ind2=" ">
      <subfield code="a">f. 282v :</subfield>
      <subfield code="b">engraving(s)</subfield>
      <subfield code="c">Fine coronato nobilitatur opus</subfield>
    </datafield>
    <datafield tag="950" ind1=" " ind2=" ">
      <subfield code="a">f. 303r : coloured</subfield>
      <subfield code="b">added engr. titlepag</subfield>
      <subfield code="c">Castrum bella gerit (Arnold Loemans sculpsit. Franciscus Wijckmans exc.)</subfield>
    </datafield>
    <datafield tag="950" ind1=" " ind2=" ">
      <subfield code="a">f. 313r :</subfield>
      <subfield code="b">engraving(s)</subfield>
      <subfield code="c">De signo</subfield>
    </datafield>
    <datafield tag="950" ind1=" " ind2=" ">
      <subfield code="a">f. 323v :</subfield>
      <subfield code="b">engraving(s)</subfield>
      <subfield code="c">chandelier, hand writes on the wall</subfield>
    </datafield>
    <datafield tag="950" ind1=" " ind2=" ">
      <subfield code="a">f. 331v : red</subfield>
      <subfield code="b">engraving(s)</subfield>
      <subfield code="c">1 Misteres ioyeux (M.Haye excudit)</subfield>
    </datafield>
    <datafield tag="950" ind1=" " ind2=" ">
      <subfield code="a">f. 344r :</subfield>
      <subfield code="b">engraving(s)</subfield>
      <subfield code="c">sheep at pasture</subfield>
    </datafield>
    <datafield tag="950" ind1=" " ind2=" ">
      <subfield code="a">f. 350 :</subfield>
      <subfield code="b">pen drawing(s)</subfield>
      <subfield code="c">tabula oppositarum</subfield>
    </datafield>
    <datafield tag="950" ind1=" " ind2=" ">
      <subfield code="a">f. 355v :</subfield>
      <subfield code="b">engraving(s)</subfield>
      <subfield code="c">Coronatur finis (in handwritting)</subfield>
    </datafield>
    <datafield tag="950" ind1=" " ind2=" ">
      <subfield code="a">f. 373r : coloured</subfield>
      <subfield code="b">engraved titlepage</subfield>
      <subfield code="c">Castrum bella gerit (Arnold Loemans sculpsit. Franciscus Wijckmans exc.)</subfield>
    </datafield>
    <datafield tag="950" ind1=" " ind2=" ">
      <subfield code="a">f. 386v :</subfield>
      <subfield code="b">engraving(s)</subfield>
      <subfield code="c">De signo</subfield>
    </datafield>
    <datafield tag="950" ind1=" " ind2=" ">
      <subfield code="a">f. 394v :</subfield>
      <subfield code="b">engraving(s)</subfield>
      <subfield code="c">De signo practico</subfield>
    </datafield>
    <datafield tag="950" ind1=" " ind2=" ">
      <subfield code="a">f. 396v :</subfield>
      <subfield code="b">engraving(s)</subfield>
      <subfield code="c">De signo demonstratiuo</subfield>
    </datafield>
    <datafield tag="950" ind1=" " ind2=" ">
      <subfield code="a">f. 399r :</subfield>
      <subfield code="b">engraving(s)</subfield>
      <subfield code="c">De voce</subfield>
    </datafield>
    <datafield tag="950" ind1=" " ind2=" ">
      <subfield code="a">f. 409v :</subfield>
      <subfield code="b">engraving(s)</subfield>
      <subfield code="c">Quid sunt uniuoca</subfield>
    </datafield>
    <datafield tag="950" ind1=" " ind2=" ">
      <subfield code="a">f. 411r :</subfield>
      <subfield code="b">engraving(s)</subfield>
      <subfield code="c">De eqvivocis (Michiel.Haye.ece. P. Huybrechts fecit)</subfield>
    </datafield>
    <datafield tag="950" ind1=" " ind2=" ">
      <subfield code="a">f. 440v : red</subfield>
      <subfield code="b">engraving(s)</subfield>
      <subfield code="c">Qvantvs in ore decor qvæ forma sedaspice qvantvm virtvtis tale qvæ dedit esse decvs</subfield>
    </datafield>
    <datafield tag="950" ind1=" " ind2=" ">
      <subfield code="a">f. 447r :</subfield>
      <subfield code="b">engraving(s)</subfield>
      <subfield code="c">S. Ioseph.</subfield>
    </datafield>
    <datafield tag="950" ind1=" " ind2=" ">
      <subfield code="a">f. 472v :</subfield>
      <subfield code="b">engraving(s)</subfield>
      <subfield code="c">De oratione</subfield>
    </datafield>
    <datafield tag="950" ind1=" " ind2=" ">
      <subfield code="a">f. 507r :</subfield>
      <subfield code="b">engraving(s)</subfield>
      <subfield code="c">de tactu</subfield>
    </datafield>
    <datafield tag="950" ind1=" " ind2=" ">
      <subfield code="a">f. 516r :</subfield>
      <subfield code="b">engraving(s)</subfield>
      <subfield code="c">Repugnantia</subfield>
    </datafield>
    <datafield tag="950" ind1=" " ind2=" ">
      <subfield code="a">f. 517r-518v :</subfield>
      <subfield code="b">pen drawing(s)</subfield>
      <subfield code="c">Tabulae oppositarum</subfield>
    </datafield>
    <datafield tag="950" ind1=" " ind2=" ">
      <subfield code="a">f. 530v :</subfield>
      <subfield code="b">pen drawing(s)</subfield>
      <subfield code="c">Tabula oppositarum</subfield>
    </datafield>
    <datafield tag="950" ind1=" " ind2=" ">
      <subfield code="a">f. 531r :</subfield>
      <subfield code="b">engraving(s)</subfield>
      <subfield code="c">Tabvla oppositarvm (Apud Michaelem Hayé Lovany prope Prædicatores Hybernos)</subfield>
    </datafield>
    <datafield tag="950" ind1=" " ind2=" ">
      <subfield code="a">f. 533v :</subfield>
      <subfield code="b">engraving(s)</subfield>
      <subfield code="c">De contradictoriis</subfield>
    </datafield>
    <datafield tag="950" ind1=" " ind2=" ">
      <subfield code="a">f. 543r :</subfield>
      <subfield code="b">engraving(s)</subfield>
      <subfield code="c">De fallacys</subfield>
    </datafield>
    <datafield tag="950" ind1=" " ind2=" ">
      <subfield code="a">f. 554v :</subfield>
      <subfield code="b">engraving(s)</subfield>
      <subfield code="c">fly emerging from the pupa</subfield>
    </datafield>
    <datafield tag="950" ind1=" " ind2=" ">
      <subfield code="a">f. 563r :</subfield>
      <subfield code="b">engraving(s)</subfield>
      <subfield code="c">Assumption</subfield>
    </datafield>
    <datafield tag="950" ind1=" " ind2=" ">
      <subfield code="a">f. 571r :</subfield>
      <subfield code="b">engraving(s)</subfield>
      <subfield code="c">Fine coronato nobilitatur opus</subfield>
    </datafield>
    <datafield tag="952" ind1=" " ind2=" ">
      <subfield code="d">Leuven (Louvain)</subfield>
      <subfield code="e">Pedagogie De Burcht</subfield>
      <subfield code="0">(ODIS-ORG)35503</subfield>
      <subfield code="f">Faculty of Arts, Paedagogium Castri</subfield>
    </datafield>
    <datafield tag="953" ind1=" " ind2=" ">
      <subfield code="b">1601-1700</subfield>
    </datafield>
    <datafield tag="996" ind1=" " ind2=" ">
      <subfield code="a">BIBC</subfield>
      <subfield code="b">physical</subfield>
      <subfield code="c">201509</subfield>
      <subfield code="d">Lectio Magister dixit</subfield>
    </datafield>
  </record>