
  <record>
    <leader>05701ntm a2200901 u 4500</leader>
    <controlfield tag="001">9977504050101488</controlfield>
    <controlfield tag="005">20151221075416.0</controlfield>
    <controlfield tag="008">101115m15131514xx      |     000 0 lat c</controlfield>
    <datafield tag="035" ind1=" " ind2=" ">
      <subfield code="a">(BeLVLBS)007750405LBS01-Aleph</subfield>
    </datafield>
    <datafield tag="035" ind1=" " ind2=" ">
      <subfield code="a">(EXLNZ-32KUL_LIBIS_NETWORK)9977504050101471</subfield>
    </datafield>
    <datafield tag="245" ind1="0" ind2="0">
      <subfield code="a">Philosophia logicalis.</subfield>
    </datafield>
    <datafield tag="260" ind1=" " ind2=" ">
      <subfield code="c">1513-1514.</subfield>
    </datafield>
    <datafield tag="300" ind1=" " ind2=" ">
      <subfield code="a">164 f.</subfield>
      <subfield code="b">ill.</subfield>
      <subfield code="c">290 x 215 mm.</subfield>
    </datafield>
    <datafield tag="300" ind1=" " ind2=" ">
      <subfield code="a">Parchment binding; parchment endpapers</subfield>
    </datafield>
    <datafield tag="336" ind1=" " ind2=" ">
      <subfield code="a">text</subfield>
      <subfield code="2">rdacontent</subfield>
    </datafield>
    <datafield tag="337" ind1=" " ind2=" ">
      <subfield code="a">unmediated</subfield>
      <subfield code="2">rdamedia</subfield>
    </datafield>
    <datafield tag="338" ind1=" " ind2=" ">
      <subfield code="a">volume</subfield>
      <subfield code="2">rdacarrier</subfield>
    </datafield>
    <datafield tag="340" ind1=" " ind2=" ">
      <subfield code="e">Paper</subfield>
    </datafield>
    <datafield tag="351" ind1=" " ind2=" ">
      <subfield code="a">Band in perkament ; perkamenten schutbladen.</subfield>
    </datafield>
    <datafield tag="500" ind1=" " ind2=" ">
      <subfield code="a">Title created by cataloguer</subfield>
    </datafield>
    <datafield tag="500" ind1=" " ind2=" ">
      <subfield code="a">10 colophons</subfield>
    </datafield>
    <datafield tag="500" ind1=" " ind2=" ">
      <subfield code="a">Colophon on f. 10v reads : Completus est hic liber predicabilium Porphirij, sub colendissimo viro artium magistro. Magistro Joanne Loen, per manus Joannis Lombaert Oesterwyckensis, anno Domini millesimo quigentesimo decimo tertio, in prefesto Conceptionis Beate Marie Virginis, hoc est septimo decembris</subfield>
    </datafield>
    <datafield tag="500" ind1=" " ind2=" ">
      <subfield code="a">Colophon on f. 57v reads : Libri predicamentorum finis. Lectus ab eodem et per eundem scriptus, anno simili eodem, tertio die Aprilis</subfield>
    </datafield>
    <datafield tag="500" ind1=" " ind2=" ">
      <subfield code="a">Colophon on f. 70v reads : Finitus hic libri de periarmenas per Joannes Lombaert de Oesterwyck Anno 1514, sub honorabili viro magistro J de Loen</subfield>
    </datafield>
    <datafield tag="500" ind1=" " ind2=" ">
      <subfield code="a">Colophon on f. 77v reads : Exaratus est hic secundus periarmenas et insimul tota vetus ars sub egredio viro artium et sacrae paginae professore dignissimo per Joannem Lombaert de Oesterwyck, anno Virginis partus millesimo quingentesimo decimo quarto, vigesima secunda may</subfield>
    </datafield>
    <datafield tag="500" ind1=" " ind2=" ">
      <subfield code="a">Colophon on f. 102r reads : Finem accipit hic primus priorum lectum per egredium virum in theologia bacularium magistrum Joannem de Loen ac scriptum per Joannem Lombaert de Oesterwyck anno 1514 duodecima july, hoc est in festo Mergarete</subfield>
    </datafield>
    <datafield tag="500" ind1=" " ind2=" ">
      <subfield code="a">Colophon on f. 111r : Finis secundi priorum anno 1514° altera Jacobi hora septima, hoc est 27 julij</subfield>
    </datafield>
    <datafield tag="500" ind1=" " ind2=" ">
      <subfield code="a">Colophon on f. 122r reads : Finitus hic secundus thopicorum anno 1514°, altera Assumptionis Marie, hora 4a vesperi, sub honorabili viro magistro Anthonio Huysden sacre theologie baculario formato per Johannem Lombaert de Oesterwyck</subfield>
    </datafield>
    <datafield tag="500" ind1=" " ind2=" ">
      <subfield code="a">Colophon on f. 137v reads : Finitus est hic primus elencehorum sicut et tota nova logica thopica sub egredio viro magistro Anthonio Huydem in theologia professore eximio, per Joannem Lombaert de Oesterwyck, anno dominice Incarnationis 1514° septembris die 26a</subfield>
    </datafield>
    <datafield tag="500" ind1=" " ind2=" ">
      <subfield code="a">Colophons on f. 153 v reads : Finis huius tractatus de suppositione terminorum est scriptus per Joannem Lombaert de Oesterwyck sub magistro Anthonio Huyden</subfield>
    </datafield>
    <datafield tag="500" ind1=" " ind2=" ">
      <subfield code="a">Colophon on f. 160v reads : Finitus hic tractatus appelationum sub honorando viro magistro Anthonio de Huysden in theologia professore eximo, per discipulum suum Joannem Lombaert de Oesterwyck anno 13°</subfield>
    </datafield>
    <datafield tag="500" ind1=" " ind2=" ">
      <subfield code="a">Colophon on f. 161v reads : Finitus est hic tractatus restrictionum et insimul omnia parva logicalia sub magistro Anthonio Huyden, per Joannem Lombart de Oesterwyck, anno 1514, 11a marty</subfield>
    </datafield>
    <datafield tag="500" ind1=" " ind2=" ">
      <subfield code="a">Colophon on f. 164v reads : Pertinet Joanni Lombaerts de Oesterwyck qui definit esse logiens anno Virginis partus millesimo quingentesimo decimo quarto duodecim octobris Magistro Cornelio de Weert regente. &amp; de sequenti incipit ... physicalia sub M. Joanne de Loen. &amp; repetitiones in veteri arte sub M. Anthonio de Huysden. Amen</subfield>
    </datafield>
    <datafield tag="505" ind1="0" ind2=" ">
      <subfield code="a">Liber predicabilium</subfield>
      <subfield code="g">f. 2r-10v</subfield>
    </datafield>
    <datafield tag="505" ind1="0" ind2=" ">
      <subfield code="a">Libri predicamentorum</subfield>
      <subfield code="g">f. 11r-57v</subfield>
    </datafield>
    <datafield tag="505" ind1="0" ind2=" ">
      <subfield code="a">Libri periamenias</subfield>
      <subfield code="g">f. 58r-77v</subfield>
    </datafield>
    <datafield tag="505" ind1="0" ind2=" ">
      <subfield code="a">Libri priorum</subfield>
      <subfield code="g">f. 79r-111v</subfield>
    </datafield>
    <datafield tag="505" ind1="0" ind2=" ">
      <subfield code="a">Liber posteriorum sive liber thopicorum</subfield>
      <subfield code="g">f. 112r-122r</subfield>
    </datafield>
    <datafield tag="505" ind1="0" ind2=" ">
      <subfield code="a">Liber elenchorum</subfield>
      <subfield code="g">f. 122v-137v</subfield>
    </datafield>
    <datafield tag="505" ind1="0" ind2=" ">
      <subfield code="a">Tractatus de suppositione terminorum absolutorum</subfield>
      <subfield code="g">f. 138r-153v</subfield>
    </datafield>
    <datafield tag="505" ind1="0" ind2=" ">
      <subfield code="a">Tractatus de suppositione terminorum relativorum</subfield>
      <subfield code="g">f. 154r-156v</subfield>
    </datafield>
    <datafield tag="505" ind1="0" ind2=" ">
      <subfield code="a">Tractatus de ampliationibus</subfield>
      <subfield code="g">f. 157r-160v</subfield>
    </datafield>
    <datafield tag="505" ind1="0" ind2=" ">
      <subfield code="a">Tractatus de restrictionibus</subfield>
      <subfield code="g">f. 161r-161v</subfield>
    </datafield>
    <datafield tag="505" ind1="0" ind2=" ">
      <subfield code="a">De determinatione unica et non unica</subfield>
      <subfield code="g">f. 162v</subfield>
    </datafield>
    <datafield tag="505" ind1="0" ind2=" ">
      <subfield code="a">Citationes</subfield>
      <subfield code="g">f. 163v</subfield>
    </datafield>
    <datafield tag="546" ind1=" " ind2=" ">
      <subfield code="a">Latin</subfield>
    </datafield>
    <datafield tag="653" ind1=" " ind2="6">
      <subfield code="a">Manuscripts</subfield>
    </datafield>
    <datafield tag="653" ind1=" " ind2="6">
      <subfield code="a">Lecture notes</subfield>
    </datafield>
    <datafield tag="700" ind1="1" ind2=" ">
      <subfield code="a">de Loen, Johannes</subfield>
      <subfield code="4">pfs</subfield>
    </datafield>
    <datafield tag="700" ind1="1" ind2=" ">
      <subfield code="a">de Huesden, Anthonius</subfield>
      <subfield code="4">pfs</subfield>
    </datafield>
    <datafield tag="700" ind1="1" ind2=" ">
      <subfield code="a">Lombaert, Joannes</subfield>
      <subfield code="4">stu</subfield>
    </datafield>
    <datafield tag="830" ind1=" " ind2="0">
      <subfield code="a">Topica</subfield>
    </datafield>
    <datafield tag="830" ind1=" " ind2="0">
      <subfield code="a">Sophistici elenchi</subfield>
    </datafield>
    <datafield tag="830" ind1=" " ind2="0">
      <subfield code="a">Praedicamenta</subfield>
    </datafield>
    <datafield tag="830" ind1=" " ind2="0">
      <subfield code="a">Praedicabilia</subfield>
    </datafield>
    <datafield tag="830" ind1=" " ind2="0">
      <subfield code="a">Peri hermeneias</subfield>
    </datafield>
    <datafield tag="830" ind1=" " ind2="0">
      <subfield code="a">Isagoge</subfield>
    </datafield>
    <datafield tag="830" ind1=" " ind2="0">
      <subfield code="a">De suppositione</subfield>
    </datafield>
    <datafield tag="830" ind1=" " ind2="0">
      <subfield code="a">De sophisticis elenchis</subfield>
    </datafield>
    <datafield tag="830" ind1=" " ind2="0">
      <subfield code="a">De restrictione</subfield>
    </datafield>
    <datafield tag="830" ind1=" " ind2="0">
      <subfield code="a">De interpretatione</subfield>
    </datafield>
    <datafield tag="830" ind1=" " ind2="0">
      <subfield code="a">De determinatione</subfield>
    </datafield>
    <datafield tag="830" ind1=" " ind2="0">
      <subfield code="a">De ampliatione</subfield>
    </datafield>
    <datafield tag="830" ind1=" " ind2="0">
      <subfield code="a">Categoriae</subfield>
    </datafield>
    <datafield tag="830" ind1=" " ind2="0">
      <subfield code="a">Analytica priora</subfield>
    </datafield>
    <datafield tag="830" ind1=" " ind2="0">
      <subfield code="a">Analytica posteriora</subfield>
    </datafield>
    <datafield tag="856" ind1="4" ind2="0">
      <subfield code="u">http://resolver.lias.be/get_pid?view&amp;usagetype=VIEW_MAIN,VIEW&amp;pid=776770</subfield>
      <subfield code="y">Online version in LIAS</subfield>
    </datafield>
    <datafield tag="852" ind1=" " ind2=" ">
      <subfield code="8">22317568000001488</subfield>
      <subfield code="b">BIBC</subfield>
      <subfield code="c">BRES</subfield>
      <subfield code="h">Ms. 237</subfield>
    </datafield>
    <datafield tag="900" ind1=" " ind2=" ">
      <subfield code="a">CONSOLIDATED RECORD</subfield>
      <subfield code="b">KU Leuven</subfield>
    </datafield>
    <datafield tag="950" ind1=" " ind2=" ">
      <subfield code="a">Numerous small</subfield>
      <subfield code="b">pen drawing(s)</subfield>
    </datafield>
    <datafield tag="950" ind1=" " ind2=" ">
      <subfield code="a">f. 11r, 122v, 138r, 154r : page with ornamental</subfield>
      <subfield code="b">initials</subfield>
    </datafield>
    <datafield tag="950" ind1=" " ind2=" ">
      <subfield code="a">Pasted on f. 9r :</subfield>
      <subfield code="b">pen drawing(s)</subfield>
      <subfield code="c">man with beard and hat</subfield>
    </datafield>
    <datafield tag="950" ind1=" " ind2=" ">
      <subfield code="a">f. 10v :</subfield>
      <subfield code="b">pen drawing(s)</subfield>
      <subfield code="c">coat of arms (JLaert)</subfield>
    </datafield>
    <datafield tag="950" ind1=" " ind2=" ">
      <subfield code="a">f. 58v :</subfield>
      <subfield code="b">pen drawing(s)</subfield>
      <subfield code="c">Golgotha (JLombaert)</subfield>
    </datafield>
    <datafield tag="950" ind1=" " ind2=" ">
      <subfield code="a">f. 138r. : drawed</subfield>
      <subfield code="b">initials</subfield>
      <subfield code="c">Banner with text &quot;Jōes Lōbaert&quot;</subfield>
    </datafield>
    <datafield tag="950" ind1=" " ind2=" ">
      <subfield code="a">f. 152r :</subfield>
      <subfield code="b">pen drawing(s)</subfield>
      <subfield code="c">three men (flute-player, banner-bearer, drummer) with trained dog</subfield>
    </datafield>
    <datafield tag="950" ind1=" " ind2=" ">
      <subfield code="a">Pasted on f. 156v :</subfield>
      <subfield code="b">pen drawing(s)</subfield>
      <subfield code="c">woman with headgear, banner with text &quot;Ihs Anna Maria&quot;</subfield>
    </datafield>
    <datafield tag="952" ind1=" " ind2=" ">
      <subfield code="d">Leuven (Louvain)</subfield>
      <subfield code="e">Pedagogie De Burcht</subfield>
      <subfield code="0">(ODIS-ORG)35503</subfield>
      <subfield code="f">Faculty of Arts, Paedagogium Castri</subfield>
    </datafield>
    <datafield tag="953" ind1=" " ind2=" ">
      <subfield code="b">1501-1600</subfield>
    </datafield>
    <datafield tag="996" ind1=" " ind2=" ">
      <subfield code="a">BIBC</subfield>
      <subfield code="b">physical</subfield>
      <subfield code="c">201509</subfield>
      <subfield code="d">Lectio Magister dixit</subfield>
    </datafield>
  </record>