
  <record>
    <leader>09181ntm a2201717 u 4500</leader>
    <controlfield tag="001">9992133203501488</controlfield>
    <controlfield tag="005">20151214110053.0</controlfield>
    <controlfield tag="008">150310m16521653xx      |     000 0 lat c</controlfield>
    <datafield tag="035" ind1=" " ind2=" ">
      <subfield code="a">(BeLVLBS)9992177969601471</subfield>
    </datafield>
    <datafield tag="035" ind1=" " ind2=" ">
      <subfield code="a">(EXLNZ-32KUL_LIBIS_NETWORK)9992177969601471</subfield>
    </datafield>
    <datafield tag="040" ind1=" " ind2=" ">
      <subfield code="a">BeLVLBS</subfield>
      <subfield code="b">Language of cataloging varies</subfield>
      <subfield code="e">rda based</subfield>
    </datafield>
    <datafield tag="245" ind1="0" ind2="0">
      <subfield code="a">Logica</subfield>
    </datafield>
    <datafield tag="246" ind1="1" ind2="3">
      <subfield code="a">Dictata Magis Principalia SVB Doctissmo Dño Arnoldo Mennenkēs S. T. B. F. et Pædagogij Porcensis Professore primario Scribebat Cornelis à Wyckersloot Ultrajectinus Anno 1652 LOVANII</subfield>
    </datafield>
    <datafield tag="246" ind1="1" ind2="3">
      <subfield code="a">Dictata magis principalia  sub doctissimo D[omino] Arnoldo Menneke[n]s, S. T.  B. F.,  et pædagogij Porcensis professore primario.  Scribebat Cornelis à Wyckersloot Ultrajectinus Anno 1652 Lovanii</subfield>
    </datafield>
    <datafield tag="246" ind1="1" ind2="3">
      <subfield code="a">Dictata Minus Principalia Sub DOCTISSIMO DOMINO Nicolas du Bois Pædagogij Porcensis Professore Secundario Scribebat Cornelius A Wijckersloot Ultrajectinus. Anno 1652 1652 Lovanij</subfield>
    </datafield>
    <datafield tag="246" ind1="1" ind2="3">
      <subfield code="a">Dictata minus principalia sub doctissimo Domino Nicolas du Bois pædagogij Porcensis professore secundario. Scribebat Cornelius A Wijckersloot Ultrajectinus. Anno 1652 1652 Lovanij</subfield>
    </datafield>
    <datafield tag="264" ind1=" " ind2="1">
      <subfield code="c">1652-1653</subfield>
    </datafield>
    <datafield tag="300" ind1=" " ind2=" ">
      <subfield code="a">304 f.</subfield>
      <subfield code="b">ill. ;</subfield>
      <subfield code="c">215 x 160  mm.</subfield>
    </datafield>
    <datafield tag="300" ind1=" " ind2=" ">
      <subfield code="a">Parchment binding ; blind stamped spine and boards ; 4 new white parchment ties ; mansucript spine title &quot;Logica&quot; ; restored</subfield>
    </datafield>
    <datafield tag="336" ind1=" " ind2=" ">
      <subfield code="a">text</subfield>
      <subfield code="2">rdacontent</subfield>
    </datafield>
    <datafield tag="337" ind1=" " ind2=" ">
      <subfield code="a">unmediated</subfield>
      <subfield code="2">rdamedia</subfield>
    </datafield>
    <datafield tag="338" ind1=" " ind2=" ">
      <subfield code="a">volume</subfield>
      <subfield code="2">rdacarrier</subfield>
    </datafield>
    <datafield tag="340" ind1=" " ind2=" ">
      <subfield code="e">Paper</subfield>
    </datafield>
    <datafield tag="351" ind1=" " ind2=" ">
      <subfield code="a">Band in perkament ; blind gestempelde platten en rug ; 4 nieuwe witte  perkamenten veters ; rug met handgeschreven titel &quot;Logica&quot; ; gerestaureerd</subfield>
    </datafield>
    <datafield tag="500" ind1=" " ind2=" ">
      <subfield code="a">Title created by cataloguer</subfield>
    </datafield>
    <datafield tag="500" ind1=" " ind2=" ">
      <subfield code="a">7 colophons</subfield>
    </datafield>
    <datafield tag="500" ind1=" " ind2=" ">
      <subfield code="a">Colophon on f. 61v reads : Finis</subfield>
    </datafield>
    <datafield tag="500" ind1=" " ind2=" ">
      <subfield code="a">Colophon on f. 94r reads : Finis impositus 12 martij</subfield>
    </datafield>
    <datafield tag="500" ind1=" " ind2=" ">
      <subfield code="a">Colophon on f. 140v reads : Finis Hvic Libro Impositus 31 Maij A[nn]o 1653</subfield>
    </datafield>
    <datafield tag="500" ind1=" " ind2=" ">
      <subfield code="a">Colophon on f. 224r reads : Finis Proëmij</subfield>
    </datafield>
    <datafield tag="500" ind1=" " ind2=" ">
      <subfield code="a">Colophon on f. 250v reads : Finis Impositus III. April.</subfield>
    </datafield>
    <datafield tag="500" ind1=" " ind2=" ">
      <subfield code="a">Colophon on f. 298v reads : Finis 1653 iunij 20</subfield>
    </datafield>
    <datafield tag="500" ind1=" " ind2=" ">
      <subfield code="a">Colophon on f. 299r reads : Finis Logicæ</subfield>
    </datafield>
    <datafield tag="505" ind1="0" ind2=" ">
      <subfield code="a">Dictata magis principalia</subfield>
      <subfield code="g">f. 1v-165v</subfield>
    </datafield>
    <datafield tag="505" ind1="0" ind2=" ">
      <subfield code="a">In universam Aristotelis logicam</subfield>
    </datafield>
    <datafield tag="505" ind1="0" ind2=" ">
      <subfield code="a">* Prolegomena in logicam Aristotelis</subfield>
      <subfield code="g">f. 1v-28v</subfield>
    </datafield>
    <datafield tag="505" ind1="0" ind2=" ">
      <subfield code="a">** In caput  proemiale Porphirii</subfield>
      <subfield code="g">f. 8v</subfield>
    </datafield>
    <datafield tag="505" ind1="0" ind2=" ">
      <subfield code="a">*** Caput primum [De genere]</subfield>
      <subfield code="g">f. 9r-10v</subfield>
    </datafield>
    <datafield tag="505" ind1="0" ind2=" ">
      <subfield code="a">*** Caput secundum De specie $g f.</subfield>
      <subfield code="g">f. 10v-20r</subfield>
    </datafield>
    <datafield tag="505" ind1="0" ind2=" ">
      <subfield code="a">***Caput tertium De differentia</subfield>
      <subfield code="g">f. 20r-24r</subfield>
    </datafield>
    <datafield tag="505" ind1="0" ind2=" ">
      <subfield code="a">*** Caput quartum De proprio</subfield>
      <subfield code="g">f. 24r-26v</subfield>
    </datafield>
    <datafield tag="505" ind1="0" ind2=" ">
      <subfield code="a">*** Caput quintum De accidente</subfield>
      <subfield code="g">f. 26v-28v</subfield>
    </datafield>
    <datafield tag="505" ind1="0" ind2=" ">
      <subfield code="a">* Liber praedicamentorum Aristotelis</subfield>
      <subfield code="g">f. 29r-71r</subfield>
    </datafield>
    <datafield tag="505" ind1="0" ind2=" ">
      <subfield code="a">** Antepraedicamenta : De aequivocis</subfield>
      <subfield code="g">f. 29r-38v</subfield>
    </datafield>
    <datafield tag="505" ind1="0" ind2=" ">
      <subfield code="a">** Divisio praedicamentalis</subfield>
      <subfield code="g">f. 39r-71v</subfield>
    </datafield>
    <datafield tag="505" ind1="0" ind2=" ">
      <subfield code="a">*** De substantia</subfield>
      <subfield code="g">f. 41v-46r</subfield>
    </datafield>
    <datafield tag="505" ind1="0" ind2=" ">
      <subfield code="a">*** De quantitate</subfield>
      <subfield code="g">f. 46r-54v</subfield>
    </datafield>
    <datafield tag="505" ind1="0" ind2=" ">
      <subfield code="a">*** De ad aliquid [= relativo]</subfield>
      <subfield code="g">f. 54v-61v</subfield>
    </datafield>
    <datafield tag="505" ind1="0" ind2=" ">
      <subfield code="a">*** Ad aliquid. De qualitate</subfield>
      <subfield code="g">f. 61v-70r</subfield>
    </datafield>
    <datafield tag="505" ind1="0" ind2=" ">
      <subfield code="a">*** De actione et passione</subfield>
      <subfield code="g">f. 70r-71r</subfield>
    </datafield>
    <datafield tag="505" ind1="0" ind2=" ">
      <subfield code="a">* Praefatio in librum postpraedicamentorum</subfield>
      <subfield code="g">f. 72r-94r</subfield>
    </datafield>
    <datafield tag="505" ind1="0" ind2=" ">
      <subfield code="a">**  De repugnantibus</subfield>
      <subfield code="g">f. 72r-80r</subfield>
    </datafield>
    <datafield tag="505" ind1="0" ind2=" ">
      <subfield code="a">** Divisio oppositorum</subfield>
      <subfield code="g">f. 80r-84r</subfield>
    </datafield>
    <datafield tag="505" ind1="0" ind2=" ">
      <subfield code="a">**  Divisio contrariorum</subfield>
      <subfield code="g">f. 84r-93r</subfield>
    </datafield>
    <datafield tag="505" ind1="0" ind2=" ">
      <subfield code="a">** De modis prioris et posterioris</subfield>
      <subfield code="g">f. 93r-94r</subfield>
    </datafield>
    <datafield tag="505" ind1="0" ind2=" ">
      <subfield code="a">* Libri priorum analiticorum</subfield>
      <subfield code="g">f. 94v-165v</subfield>
    </datafield>
    <datafield tag="505" ind1="0" ind2=" ">
      <subfield code="a">** Libri I [De syllogismo]</subfield>
      <subfield code="g">f. 96r-140v</subfield>
    </datafield>
    <datafield tag="505" ind1="0" ind2=" ">
      <subfield code="a">*** [Caput primum] Divisio propositionis</subfield>
      <subfield code="g">f. 96v-99v</subfield>
    </datafield>
    <datafield tag="505" ind1="0" ind2=" ">
      <subfield code="a">*** [Caput secundum]  De syllogismo</subfield>
      <subfield code="g">f. 99v-110v</subfield>
    </datafield>
    <datafield tag="505" ind1="0" ind2=" ">
      <subfield code="a">*** Caput tertium De conversione modalium</subfield>
      <subfield code="g">f. 110v-112r</subfield>
    </datafield>
    <datafield tag="505" ind1="0" ind2=" ">
      <subfield code="a">*** Caput quartum [De prima figura]</subfield>
      <subfield code="g">f. 112r-124r</subfield>
    </datafield>
    <datafield tag="505" ind1="0" ind2=" ">
      <subfield code="a">*** Caput quintum De secunda figura</subfield>
      <subfield code="g">f. 124r-124v</subfield>
    </datafield>
    <datafield tag="505" ind1="0" ind2=" ">
      <subfield code="a">*** Caput sextum De tertia figura</subfield>
      <subfield code="g">f. 124v-125r</subfield>
    </datafield>
    <datafield tag="505" ind1="0" ind2=" ">
      <subfield code="a">*** Caput septimum [De syllogismis imperfectis]</subfield>
      <subfield code="g">f. 125r-137v</subfield>
    </datafield>
    <datafield tag="505" ind1="0" ind2=" ">
      <subfield code="a">*** Caput undecimum De contingenti</subfield>
      <subfield code="g">f. 137v-140v</subfield>
    </datafield>
    <datafield tag="505" ind1="0" ind2=" ">
      <subfield code="a">** Liber secundus  priorum analiticorum</subfield>
      <subfield code="g">f. 141r-144v</subfield>
    </datafield>
    <datafield tag="505" ind1="0" ind2=" ">
      <subfield code="a">*** De fallacia secundum opinionem</subfield>
      <subfield code="g">f. 141v-144v</subfield>
    </datafield>
    <datafield tag="505" ind1="0" ind2=" ">
      <subfield code="a">* [Libri  posteriorum]</subfield>
      <subfield code="g">f. 145r-165v</subfield>
    </datafield>
    <datafield tag="505" ind1="0" ind2=" ">
      <subfield code="a">** Liber primus posteriorum [de scientia]</subfield>
      <subfield code="g">f. 145r-162v</subfield>
    </datafield>
    <datafield tag="505" ind1="0" ind2=" ">
      <subfield code="a">** Liber secundus posteriorum</subfield>
      <subfield code="g">f. 163r-165v</subfield>
    </datafield>
    <datafield tag="505" ind1="0" ind2=" ">
      <subfield code="a">Dictata minus principalia</subfield>
      <subfield code="g">f. 168r-299r</subfield>
    </datafield>
    <datafield tag="505" ind1="0" ind2=" ">
      <subfield code="a">* Tractatus in prodidagmata</subfield>
      <subfield code="g">f. 169v-188v</subfield>
    </datafield>
    <datafield tag="505" ind1="0" ind2=" ">
      <subfield code="a">** De vocum, affectionibus et proprietatibus earum</subfield>
      <subfield code="g">f. 169v-188v</subfield>
    </datafield>
    <datafield tag="505" ind1="0" ind2=" ">
      <subfield code="a">*** De acceptione vocis</subfield>
      <subfield code="g">f. 174r-181v</subfield>
    </datafield>
    <datafield tag="505" ind1="0" ind2=" ">
      <subfield code="a">*** De secunda vocis et acceptione seu amplitione</subfield>
      <subfield code="g">f. 181v-184r</subfield>
    </datafield>
    <datafield tag="505" ind1="0" ind2=" ">
      <subfield code="a">*** De determinatione</subfield>
      <subfield code="g">f. 184v-185r</subfield>
    </datafield>
    <datafield tag="505" ind1="0" ind2=" ">
      <subfield code="a">*** De appelatione</subfield>
      <subfield code="g">f. 185v</subfield>
    </datafield>
    <datafield tag="505" ind1="0" ind2=" ">
      <subfield code="a">*** De expositione enuntiationis</subfield>
      <subfield code="g">f. 185v-188v</subfield>
    </datafield>
    <datafield tag="505" ind1="0" ind2=" ">
      <subfield code="a">* Tractatus de modis disserendi</subfield>
      <subfield code="g">f. 189r-193r</subfield>
    </datafield>
    <datafield tag="505" ind1="0" ind2=" ">
      <subfield code="a">* Libri de interpretatione sive perihermenias</subfield>
      <subfield code="g">f.  193r-223v</subfield>
    </datafield>
    <datafield tag="505" ind1="0" ind2=" ">
      <subfield code="a">** Liber primus</subfield>
      <subfield code="g">f. 193v-217v</subfield>
    </datafield>
    <datafield tag="505" ind1="0" ind2=" ">
      <subfield code="a">*** Caput primum [De signo]</subfield>
      <subfield code="g">f. 193v-202r</subfield>
    </datafield>
    <datafield tag="505" ind1="0" ind2=" ">
      <subfield code="a">*** Caput secundum De nomine</subfield>
      <subfield code="g">f. 202r-204r</subfield>
    </datafield>
    <datafield tag="505" ind1="0" ind2=" ">
      <subfield code="a">*** Captut tertium De verbo</subfield>
      <subfield code="g">f. 204r-205v</subfield>
    </datafield>
    <datafield tag="505" ind1="0" ind2=" ">
      <subfield code="a">*** [Caput quartum] De oratione</subfield>
      <subfield code="g">f. 205v-214r</subfield>
    </datafield>
    <datafield tag="505" ind1="0" ind2=" ">
      <subfield code="a">*** Caput quintum [De oppositis, contrariis]</subfield>
      <subfield code="g">f. 214r-217v</subfield>
    </datafield>
    <datafield tag="505" ind1="0" ind2=" ">
      <subfield code="a">** Liber secundus interpreatione [De modibus]</subfield>
      <subfield code="g">f. 218-223v</subfield>
    </datafield>
    <datafield tag="505" ind1="0" ind2=" ">
      <subfield code="a">* Libri topicorum</subfield>
      <subfield code="g">f. 223v-289r</subfield>
    </datafield>
    <datafield tag="505" ind1="0" ind2=" ">
      <subfield code="a">** Proemium</subfield>
      <subfield code="g">f. 223v-224r</subfield>
    </datafield>
    <datafield tag="505" ind1="0" ind2=" ">
      <subfield code="a">** Liber primus [De syllogismo dialectico]</subfield>
      <subfield code="g">f. 225r-250v</subfield>
    </datafield>
    <datafield tag="505" ind1="0" ind2=" ">
      <subfield code="a">** Liber secundus topicorum [De argumentatione locale]</subfield>
      <subfield code="g">f. 251r-289r</subfield>
    </datafield>
    <datafield tag="505" ind1="0" ind2=" ">
      <subfield code="a">* Libri elenchorum</subfield>
      <subfield code="g">f. 289v-298v</subfield>
    </datafield>
    <datafield tag="505" ind1="0" ind2=" ">
      <subfield code="a">** [Caput primum] De redargutione</subfield>
      <subfield code="g">f. 290r-290v</subfield>
    </datafield>
    <datafield tag="505" ind1="0" ind2=" ">
      <subfield code="a">** Caput secundum [De sophista]</subfield>
      <subfield code="g">f. 290v-292r</subfield>
    </datafield>
    <datafield tag="505" ind1="0" ind2=" ">
      <subfield code="a">** [Caput tertium] De fallacia in genere ejusque divisione</subfield>
      <subfield code="g">f. 292v-298v</subfield>
    </datafield>
    <datafield tag="544" ind1=" " ind2=" ">
      <subfield code="a">Louvain-la-Neuve, Archives de l'Université catholique de Louvain</subfield>
      <subfield code="b">Ms. C2</subfield>
    </datafield>
    <datafield tag="546" ind1=" " ind2=" ">
      <subfield code="a">Latin</subfield>
    </datafield>
    <datafield tag="653" ind1=" " ind2="6">
      <subfield code="a">Manuscripts</subfield>
    </datafield>
    <datafield tag="653" ind1=" " ind2="6">
      <subfield code="a">Lecture notes</subfield>
    </datafield>
    <datafield tag="700" ind1="1" ind2=" ">
      <subfield code="a">Mennekens, Arnoldus</subfield>
      <subfield code="4">pfs</subfield>
      <subfield code="3">professor primarius</subfield>
    </datafield>
    <datafield tag="700" ind1="1" ind2=" ">
      <subfield code="a">Du Bois, Nicolas</subfield>
      <subfield code="d">c. 1620-1696</subfield>
      <subfield code="4">pfs</subfield>
      <subfield code="3">professor secundarius</subfield>
    </datafield>
    <datafield tag="700" ind1="1" ind2=" ">
      <subfield code="a">Van Wijckersloot, Cornelius</subfield>
      <subfield code="4">stu</subfield>
    </datafield>
    <datafield tag="700" ind1="1" ind2=" ">
      <subfield code="a">Rucholle, Peeter</subfield>
      <subfield code="d">1618-1647</subfield>
      <subfield code="4">egr</subfield>
    </datafield>
    <datafield tag="830" ind1=" " ind2="0">
      <subfield code="a">Topica</subfield>
    </datafield>
    <datafield tag="830" ind1=" " ind2="0">
      <subfield code="a">Sophistici elenchi</subfield>
    </datafield>
    <datafield tag="830" ind1=" " ind2="0">
      <subfield code="a">Prooemium in logicam</subfield>
    </datafield>
    <datafield tag="830" ind1=" " ind2="0">
      <subfield code="a">Prodidagmata in logicam</subfield>
    </datafield>
    <datafield tag="830" ind1=" " ind2="0">
      <subfield code="a">Praedicamenta</subfield>
    </datafield>
    <datafield tag="830" ind1=" " ind2="0">
      <subfield code="a">Praedicabilia</subfield>
    </datafield>
    <datafield tag="830" ind1=" " ind2="0">
      <subfield code="a">Peri hermeneias</subfield>
    </datafield>
    <datafield tag="830" ind1=" " ind2="0">
      <subfield code="a">Isagoge</subfield>
    </datafield>
    <datafield tag="830" ind1=" " ind2="0">
      <subfield code="a">De sophisticis elenchis</subfield>
    </datafield>
    <datafield tag="830" ind1=" " ind2="0">
      <subfield code="a">De modis disserendi</subfield>
    </datafield>
    <datafield tag="830" ind1=" " ind2="0">
      <subfield code="a">De interpretatione</subfield>
    </datafield>
    <datafield tag="830" ind1=" " ind2="0">
      <subfield code="a">Categoriae</subfield>
    </datafield>
    <datafield tag="830" ind1=" " ind2="0">
      <subfield code="a">Analytica priora</subfield>
    </datafield>
    <datafield tag="830" ind1=" " ind2="0">
      <subfield code="a">Analytica posteriora</subfield>
    </datafield>
    <datafield tag="856" ind1="4" ind2="0">
      <subfield code="u">http://resolver.lias.be/get_pid?view&amp;usagetype=VIEW_MAIN,VIEW&amp;pid=3178414</subfield>
      <subfield code="y">Online version in LIAS</subfield>
    </datafield>
    <datafield tag="852" ind1=" " ind2=" ">
      <subfield code="8">22358283860001488</subfield>
      <subfield code="b">BIBC</subfield>
      <subfield code="c">BRES</subfield>
      <subfield code="l">UCL</subfield>
    </datafield>
    <datafield tag="900" ind1=" " ind2=" ">
      <subfield code="a">CONSOLIDATED RECORD</subfield>
    </datafield>
    <datafield tag="950" ind1=" " ind2=" ">
      <subfield code="a">lots of small</subfield>
      <subfield code="b">pen drawing(s)</subfield>
    </datafield>
    <datafield tag="950" ind1=" " ind2=" ">
      <subfield code="a">f. 1v, 29r, 72r, 94v, 96r, 141r, 145r,  163r,  169v, 193r, 215r, 218r, 223v, 225r, 250v, 251r, 299r : page with ornamental</subfield>
      <subfield code="b">initials</subfield>
    </datafield>
    <datafield tag="950" ind1=" " ind2=" ">
      <subfield code="a">f. Ar : 1</subfield>
      <subfield code="b">engraved titlepage</subfield>
      <subfield code="c">Signs of The Lily, The Falcon, The Castle and The Pig (Pet. Rucholle fec.)</subfield>
    </datafield>
    <datafield tag="950" ind1=" " ind2=" ">
      <subfield code="a">Pasted on f. 1r :</subfield>
      <subfield code="b">engraving(s)</subfield>
      <subfield code="c">lion, coat of arms  (with pen drawings and written text)</subfield>
    </datafield>
    <datafield tag="950" ind1=" " ind2=" ">
      <subfield code="a">f. 38r :</subfield>
      <subfield code="b">pen drawing(s)</subfield>
      <subfield code="c">townscape at riverside</subfield>
    </datafield>
    <datafield tag="950" ind1=" " ind2=" ">
      <subfield code="a">f. 47r :</subfield>
      <subfield code="b">pen drawing(s)</subfield>
      <subfield code="c">mooring alongside the quay (Haerlem)</subfield>
    </datafield>
    <datafield tag="950" ind1=" " ind2=" ">
      <subfield code="a">f. 47v :</subfield>
      <subfield code="b">pen drawing(s)</subfield>
      <subfield code="c">deer hunting</subfield>
    </datafield>
    <datafield tag="950" ind1=" " ind2=" ">
      <subfield code="a">f. 48r :</subfield>
      <subfield code="b">pen drawing(s)</subfield>
      <subfield code="c">still life with mugs and food</subfield>
    </datafield>
    <datafield tag="950" ind1=" " ind2=" ">
      <subfield code="a">f. 49r :</subfield>
      <subfield code="b">pen drawing(s)</subfield>
      <subfield code="c">landscape with farmhouses</subfield>
    </datafield>
    <datafield tag="950" ind1=" " ind2=" ">
      <subfield code="a">f. 56v :</subfield>
      <subfield code="b">pen drawing(s)</subfield>
      <subfield code="c">townscape with harbour</subfield>
    </datafield>
    <datafield tag="950" ind1=" " ind2=" ">
      <subfield code="a">f. 57r :</subfield>
      <subfield code="b">pen drawing(s)</subfield>
      <subfield code="c">landscape</subfield>
    </datafield>
    <datafield tag="950" ind1=" " ind2=" ">
      <subfield code="a">f. 64r :</subfield>
      <subfield code="b">pen drawing(s)</subfield>
      <subfield code="c">deer hunting</subfield>
    </datafield>
    <datafield tag="950" ind1=" " ind2=" ">
      <subfield code="a">f. 72v :</subfield>
      <subfield code="b">pen drawing(s)</subfield>
      <subfield code="c">landscape with castle</subfield>
    </datafield>
    <datafield tag="950" ind1=" " ind2=" ">
      <subfield code="a">Pasted on f. 94r :</subfield>
      <subfield code="b">engraving(s)</subfield>
      <subfield code="c">statue of a woman  (with written text)</subfield>
    </datafield>
    <datafield tag="950" ind1=" " ind2=" ">
      <subfield code="a">Pasted on f. 95v :</subfield>
      <subfield code="b">engraving(s)</subfield>
      <subfield code="c">2 statues (man with a sword and man with a crossbow)</subfield>
    </datafield>
    <datafield tag="950" ind1=" " ind2=" ">
      <subfield code="a">f. 146v :</subfield>
      <subfield code="b">pen drawing(s)</subfield>
      <subfield code="c">castle</subfield>
    </datafield>
    <datafield tag="950" ind1=" " ind2=" ">
      <subfield code="a">f. 160v :</subfield>
      <subfield code="b">pen drawing(s)</subfield>
      <subfield code="c">landscape with farmhouses, orchard with sheep at pasture</subfield>
    </datafield>
    <datafield tag="950" ind1=" " ind2=" ">
      <subfield code="a">f. 168r : 1</subfield>
      <subfield code="b">engraved titlepage</subfield>
      <subfield code="c">Signs of The Lily, The Falcon, The Castle and The Pig (Pet. Rucholle fec.)</subfield>
    </datafield>
    <datafield tag="950" ind1=" " ind2=" ">
      <subfield code="a">f. 209r :</subfield>
      <subfield code="b">pen drawing(s)</subfield>
      <subfield code="c">ornamental border (flowers with a mug)</subfield>
    </datafield>
    <datafield tag="950" ind1=" " ind2=" ">
      <subfield code="a">f. 224r :</subfield>
      <subfield code="b">pen drawing(s)</subfield>
      <subfield code="c">landscape</subfield>
    </datafield>
    <datafield tag="950" ind1=" " ind2=" ">
      <subfield code="a">Pasted on f. 224r :</subfield>
      <subfield code="b">engraving(s)</subfield>
      <subfield code="c">ornament  (with written text)</subfield>
    </datafield>
    <datafield tag="950" ind1=" " ind2=" ">
      <subfield code="a">Pasted on f. 224v :</subfield>
      <subfield code="b">engraving(s)</subfield>
      <subfield code="c">hippocentaur hunting a lion</subfield>
    </datafield>
    <datafield tag="950" ind1=" " ind2=" ">
      <subfield code="a">f. 228r :</subfield>
      <subfield code="b">pen drawing(s)</subfield>
      <subfield code="c">landscape with three men in disguise</subfield>
    </datafield>
    <datafield tag="950" ind1=" " ind2=" ">
      <subfield code="a">f. 289r :</subfield>
      <subfield code="b">pen drawing(s)</subfield>
      <subfield code="c">two men celebrating carnival, one is beating the drum, the other one holding a mug</subfield>
    </datafield>
    <datafield tag="950" ind1=" " ind2=" ">
      <subfield code="a">Pasted on f. 289v :</subfield>
      <subfield code="b">engraving(s)</subfield>
      <subfield code="c">medallion (with written text)</subfield>
    </datafield>
    <datafield tag="952" ind1=" " ind2=" ">
      <subfield code="d">Leuven (Louvain)</subfield>
      <subfield code="e">Pedagogie Het Varken</subfield>
      <subfield code="0">(ODIS-ORG)35504</subfield>
      <subfield code="f">Faculty of Arts, Paedagogium Porci</subfield>
    </datafield>
    <datafield tag="953" ind1=" " ind2=" ">
      <subfield code="b">1601-1700</subfield>
    </datafield>
    <datafield tag="996" ind1=" " ind2=" ">
      <subfield code="a">UCL</subfield>
      <subfield code="b">physical</subfield>
      <subfield code="c">201509</subfield>
      <subfield code="d">Lectio Magister dixit</subfield>
    </datafield>
  </record>