
  <record>
    <leader>05124ntm a2200913 u 4500</leader>
    <controlfield tag="001">9992135904101488</controlfield>
    <controlfield tag="005">20151202150312.0</controlfield>
    <controlfield tag="008">150402s1711    xx      |     000 0 lat c</controlfield>
    <datafield tag="035" ind1=" " ind2=" ">
      <subfield code="a">(BeLVLBS)9992181143701471</subfield>
    </datafield>
    <datafield tag="035" ind1=" " ind2=" ">
      <subfield code="a">(EXLNZ-32KUL_LIBIS_NETWORK)9992181143701471</subfield>
    </datafield>
    <datafield tag="245" ind1="0" ind2="0">
      <subfield code="a">Dialectica</subfield>
    </datafield>
    <datafield tag="246" ind1="1" ind2="3">
      <subfield code="a">Dialectica Dictata a doctissimo Domino domino Van Tighem Dialecticæ professore lovanii in collegio SSme Trintitatis et scripta a Stephano Stevens bruxellensi. Anno Domini MDCCXI. Stevens bruxellensis Anno 1711. Uni Trino Deo</subfield>
    </datafield>
    <datafield tag="246" ind1="1" ind2="3">
      <subfield code="a">Dialectica dictata a doctissimo Domino Domino Van Tighem Dialecticæ professore Lovanii in Collegio SSme Trintitatis et scripta a Stephano Stevens Bruxellensi. Anno Domini MDCCXI. Stevens Bruxellensis Anno 1711. Uni Trino Deo</subfield>
    </datafield>
    <datafield tag="264" ind1=" " ind2="1">
      <subfield code="c">1711</subfield>
    </datafield>
    <datafield tag="300" ind1=" " ind2=" ">
      <subfield code="a">120 f.</subfield>
      <subfield code="b">ill.</subfield>
      <subfield code="c">200 x 160  mm.</subfield>
    </datafield>
    <datafield tag="300" ind1=" " ind2=" ">
      <subfield code="a">Brown leather binding ; gold tooled spine with title &quot;Dialectica&quot;</subfield>
    </datafield>
    <datafield tag="336" ind1=" " ind2=" ">
      <subfield code="a">text</subfield>
      <subfield code="2">rdacontent</subfield>
    </datafield>
    <datafield tag="337" ind1=" " ind2=" ">
      <subfield code="a">unmediated</subfield>
      <subfield code="2">rdamedia</subfield>
    </datafield>
    <datafield tag="338" ind1=" " ind2=" ">
      <subfield code="a">volume</subfield>
      <subfield code="2">rdacarrier</subfield>
    </datafield>
    <datafield tag="340" ind1=" " ind2=" ">
      <subfield code="e">Paper</subfield>
    </datafield>
    <datafield tag="351" ind1=" " ind2=" ">
      <subfield code="a">Band in bruin leder ; goud gestempelde rug met titel &quot;Dialectica&quot;</subfield>
    </datafield>
    <datafield tag="500" ind1=" " ind2=" ">
      <subfield code="a">Title created by cataloguer</subfield>
    </datafield>
    <datafield tag="500" ind1=" " ind2=" ">
      <subfield code="a">7 colophons</subfield>
    </datafield>
    <datafield tag="500" ind1=" " ind2=" ">
      <subfield code="a">Colophon on f. 9r  reads : Dialecticæ præfationis finis</subfield>
    </datafield>
    <datafield tag="500" ind1=" " ind2=" ">
      <subfield code="a">Colophon on f. 30r  reads : Finis Dictatorum Primæe Partis</subfield>
    </datafield>
    <datafield tag="500" ind1=" " ind2=" ">
      <subfield code="a">Colophon on f. 55v reads : Finis Annotatorum Primæ Partis</subfield>
    </datafield>
    <datafield tag="500" ind1=" " ind2=" ">
      <subfield code="a">Colophon on f. 65v reads : Finis Primi tractatus Secundæ partis Dialecticæ Anno Domini MDCCVVI</subfield>
    </datafield>
    <datafield tag="500" ind1=" " ind2=" ">
      <subfield code="a">Colophon on f. 76v reads : Finis Tractatus Secundi Secundæ  partis Dialecticæ 23 julii Anno 1711</subfield>
    </datafield>
    <datafield tag="500" ind1=" " ind2=" ">
      <subfield code="a">Colophon on f. 89v reads : Finis Dictatorum Secundæ Partis</subfield>
    </datafield>
    <datafield tag="500" ind1=" " ind2=" ">
      <subfield code="a">Colophon on f. 98r reads : Finis Capitis Primi De Habitudinibus Vocum Die 20 julii 1711</subfield>
    </datafield>
    <datafield tag="500" ind1=" " ind2=" ">
      <subfield code="a">1 chronogram</subfield>
    </datafield>
    <datafield tag="500" ind1=" " ind2=" ">
      <subfield code="a">Chronogram on f. 119v reads : UnI trIno Deo Ista DeDICata sInt sCripto [= 1711]</subfield>
    </datafield>
    <datafield tag="505" ind1="0" ind2=" ">
      <subfield code="a">Dialectica</subfield>
    </datafield>
    <datafield tag="505" ind1="0" ind2=" ">
      <subfield code="a">* In Dialecticam praefatio</subfield>
      <subfield code="g">f. 3r-9r</subfield>
    </datafield>
    <datafield tag="505" ind1="0" ind2=" ">
      <subfield code="a">** Tractatus De instrumentis sciendi</subfield>
      <subfield code="g">f. 4v-9r</subfield>
    </datafield>
    <datafield tag="505" ind1="0" ind2=" ">
      <subfield code="a">* Dialecticae dictatorum pars prima In qua de iis agitur circaquae versantur mentis operationes</subfield>
      <subfield code="g">f. 9v-30r</subfield>
    </datafield>
    <datafield tag="505" ind1="0" ind2=" ">
      <subfield code="a">** Schemata divisionum, (prout modó sunt in usu) substantiae et accidentis</subfield>
      <subfield code="g">f. 10r-13v</subfield>
    </datafield>
    <datafield tag="505" ind1="0" ind2=" ">
      <subfield code="a">* Annotata in primam partem Dialecticae De iisdem et diversis</subfield>
      <subfield code="g">f. 31r-55v</subfield>
    </datafield>
    <datafield tag="505" ind1="0" ind2=" ">
      <subfield code="a">* Dialecticae dictatorum pars secunda</subfield>
      <subfield code="g">f. 56r-119r</subfield>
    </datafield>
    <datafield tag="505" ind1="0" ind2=" ">
      <subfield code="a">** Tractatus primus De vocibus quibus prima mentis operatio exprimitur</subfield>
      <subfield code="g">f. 56r-65v</subfield>
    </datafield>
    <datafield tag="505" ind1="0" ind2=" ">
      <subfield code="a">** Tractatus secundus De enuntiationibus quibus exprimitur secunda mentis operatio</subfield>
      <subfield code="g">f. 66r-76v</subfield>
    </datafield>
    <datafield tag="505" ind1="0" ind2=" ">
      <subfield code="a">** Tractatus tertius De argumentatione  qua exprimitur tertia mentis operatio</subfield>
      <subfield code="g">f. 78r-89v</subfield>
    </datafield>
    <datafield tag="505" ind1="0" ind2=" ">
      <subfield code="a">*** Caput primum De argumentatione materiali sive topica</subfield>
      <subfield code="g">f. 78v-84r</subfield>
    </datafield>
    <datafield tag="505" ind1="0" ind2=" ">
      <subfield code="a">*** Caput secundum De argumentatione formali</subfield>
      <subfield code="g">f. 84r-89v</subfield>
    </datafield>
    <datafield tag="505" ind1="0" ind2=" ">
      <subfield code="a">* Annotata in secundam partem Dialecticae</subfield>
      <subfield code="g">f.  91r-119v</subfield>
    </datafield>
    <datafield tag="505" ind1="0" ind2=" ">
      <subfield code="a">** Caput primum De habitudinibus vocum</subfield>
      <subfield code="g">f. 91v-98r</subfield>
    </datafield>
    <datafield tag="505" ind1="0" ind2=" ">
      <subfield code="a">** Caput secundum De propositionibus, allisque ad hanc materiam pertinentibus</subfield>
      <subfield code="g">f. 98v-112r</subfield>
    </datafield>
    <datafield tag="505" ind1="0" ind2=" ">
      <subfield code="a">** Caput tertium De argumentatione</subfield>
      <subfield code="g">f. 113r-119v</subfield>
    </datafield>
    <datafield tag="505" ind1="0" ind2=" ">
      <subfield code="a">*** Paragraphus primus De argumentatione materiali</subfield>
      <subfield code="g">f. 113r-116v</subfield>
    </datafield>
    <datafield tag="505" ind1="0" ind2=" ">
      <subfield code="a">*** Paragraphus secundus De syllogismis</subfield>
      <subfield code="g">f. 116v-119v</subfield>
    </datafield>
    <datafield tag="544" ind1=" " ind2=" ">
      <subfield code="a">Louvain-la-Neuve, Archives de l'Université catholique de Louvain</subfield>
      <subfield code="b">Ms. C103</subfield>
    </datafield>
    <datafield tag="546" ind1=" " ind2=" ">
      <subfield code="a">Latin</subfield>
    </datafield>
    <datafield tag="653" ind1=" " ind2="6">
      <subfield code="a">Manuscripts</subfield>
    </datafield>
    <datafield tag="653" ind1=" " ind2="6">
      <subfield code="a">Lecture notes</subfield>
    </datafield>
    <datafield tag="700" ind1="1" ind2=" ">
      <subfield code="a">Van Tieghem, Petrus Josephus</subfield>
      <subfield code="4">pfs</subfield>
    </datafield>
    <datafield tag="700" ind1="1" ind2=" ">
      <subfield code="a">Stevens, Stephanus</subfield>
      <subfield code="4">stu</subfield>
    </datafield>
    <datafield tag="700" ind1="1" ind2=" ">
      <subfield code="a">Haye, Michael</subfield>
      <subfield code="d">?-1676</subfield>
      <subfield code="g">Flemish printmaker, draftsman and publisher</subfield>
      <subfield code="4">egr</subfield>
    </datafield>
    <datafield tag="830" ind1=" " ind2="0">
      <subfield code="a">Topica</subfield>
    </datafield>
    <datafield tag="830" ind1=" " ind2="0">
      <subfield code="a">Prooemium in Logicam</subfield>
    </datafield>
    <datafield tag="830" ind1=" " ind2="0">
      <subfield code="a">De vocibus</subfield>
    </datafield>
    <datafield tag="830" ind1=" " ind2="0">
      <subfield code="a">De propositionibus</subfield>
    </datafield>
    <datafield tag="830" ind1=" " ind2="0">
      <subfield code="a">De instrumentis sciendi</subfield>
    </datafield>
    <datafield tag="830" ind1=" " ind2="0">
      <subfield code="a">De iisdem et diversis</subfield>
    </datafield>
    <datafield tag="830" ind1=" " ind2="0">
      <subfield code="a">De enuntiatione</subfield>
    </datafield>
    <datafield tag="830" ind1=" " ind2="0">
      <subfield code="a">De argumentatione materiali</subfield>
    </datafield>
    <datafield tag="830" ind1=" " ind2="0">
      <subfield code="a">De argumentatione formali</subfield>
    </datafield>
    <datafield tag="830" ind1=" " ind2="0">
      <subfield code="a">De argumentatione</subfield>
    </datafield>
    <datafield tag="856" ind1="4" ind2="0">
      <subfield code="u">http://resolver.lias.be/get_pid?view&amp;usagetype=VIEW_MAIN,VIEW&amp;pid=3347227</subfield>
      <subfield code="y">Online version in LIAS</subfield>
    </datafield>
    <datafield tag="852" ind1=" " ind2=" ">
      <subfield code="8">22359055310001488</subfield>
      <subfield code="b">BIBC</subfield>
      <subfield code="c">BRES</subfield>
      <subfield code="l">UCL</subfield>
    </datafield>
    <datafield tag="900" ind1=" " ind2=" ">
      <subfield code="a">CONSOLIDATED RECORD</subfield>
    </datafield>
    <datafield tag="950" ind1=" " ind2=" ">
      <subfield code="a">f. 2r : 1</subfield>
      <subfield code="b">engraved titlepage</subfield>
      <subfield code="c">Uni Trino Deo (Apud Michælem Haye Lovany prope Prædicatores Hybernos)</subfield>
    </datafield>
    <datafield tag="950" ind1=" " ind2=" ">
      <subfield code="a">f. 23r :</subfield>
      <subfield code="b">pen drawing(s)</subfield>
      <subfield code="c">arbor Porphyrii</subfield>
    </datafield>
    <datafield tag="950" ind1=" " ind2=" ">
      <subfield code="a">f.  27r :</subfield>
      <subfield code="b">engraving(s)</subfield>
      <subfield code="c">De vniuersali. Inde ventvrvs est ivdicare vivos et mortvos</subfield>
    </datafield>
    <datafield tag="950" ind1=" " ind2=" ">
      <subfield code="a">f. 57r :</subfield>
      <subfield code="b">engraving(s)</subfield>
      <subfield code="c">De Voce</subfield>
    </datafield>
    <datafield tag="950" ind1=" " ind2=" ">
      <subfield code="a">f.  74r :</subfield>
      <subfield code="b">engraving(s)</subfield>
      <subfield code="c">Tabvla oppositarvm (Apud Michaelem Hayé Lovany prope Prædicatores Hybernos)</subfield>
    </datafield>
    <datafield tag="950" ind1=" " ind2=" ">
      <subfield code="a">f. 77v  :</subfield>
      <subfield code="b">engraving(s)</subfield>
      <subfield code="c">De Argumentatone (Michiel Haye exc)</subfield>
    </datafield>
    <datafield tag="950" ind1=" " ind2=" ">
      <subfield code="a">f. 86r   :</subfield>
      <subfield code="b">engraving(s)</subfield>
      <subfield code="c">De sillogismo in baroco (Apud Michaelem Haye Lovany Prope Predicatores Hibernos Cum Preuil.)</subfield>
    </datafield>
    <datafield tag="950" ind1=" " ind2=" ">
      <subfield code="a">f. 120r :</subfield>
      <subfield code="b">engraving(s)</subfield>
      <subfield code="c">Fine coronato nobilitatur opus</subfield>
    </datafield>
    <datafield tag="952" ind1=" " ind2=" ">
      <subfield code="d">Leuven (Louvain)</subfield>
      <subfield code="e">Heilige-Drievuldigheidscollege</subfield>
      <subfield code="0">(ODIS-ORG)35513</subfield>
      <subfield code="f">Collegium Sanctissimae Trinitatis</subfield>
    </datafield>
    <datafield tag="953" ind1=" " ind2=" ">
      <subfield code="b">1701-1800</subfield>
    </datafield>
    <datafield tag="996" ind1=" " ind2=" ">
      <subfield code="a">UCL</subfield>
      <subfield code="b">physical</subfield>
      <subfield code="c">201509</subfield>
      <subfield code="d">Lectio Magister dixit</subfield>
    </datafield>
  </record>