
  <record>
    <leader>05970ntm a2200997 u 4500</leader>
    <controlfield tag="001">9992136082201488</controlfield>
    <controlfield tag="005">20151202155033.0</controlfield>
    <controlfield tag="008">150410m17691770xx      |     000 0 lat c</controlfield>
    <datafield tag="035" ind1=" " ind2=" ">
      <subfield code="a">(BeLVLBS)9992182227201471</subfield>
    </datafield>
    <datafield tag="035" ind1=" " ind2=" ">
      <subfield code="a">(EXLNZ-32KUL_LIBIS_NETWORK)9992182227201471</subfield>
    </datafield>
    <datafield tag="245" ind1="0" ind2="0">
      <subfield code="a">Logica realis. Ethica</subfield>
    </datafield>
    <datafield tag="246" ind1="1" ind2="3">
      <subfield code="a">Logicæ realis Tom: 2 dictatæ à Doctissimo Do D° Verheyden Piæ Professore 2io item Ethica dictata à Doctissimo D° D° Bosch phiæ Professore primario: Scripsit vero Lauy De Ccck Lokerensis Wasino 1770</subfield>
    </datafield>
    <datafield tag="246" ind1="1" ind2="3">
      <subfield code="a">Logicae realis Tom[us] 2 dictata a doctissimo D[omin]o D[omin]o Verheyden p[hilosph]iae professsore [secundar]io item Ethica dictata a doctissimo D[omin]o D[omin]o Bosch p[hilosoph]iae professore primario. Scripsit vero Larurentius De Cock Lokerensis Wasino 1770</subfield>
    </datafield>
    <datafield tag="264" ind1=" " ind2="1">
      <subfield code="c">1769-1770</subfield>
    </datafield>
    <datafield tag="300" ind1=" " ind2=" ">
      <subfield code="a">201 f.</subfield>
      <subfield code="c">162 x 105  mm.</subfield>
    </datafield>
    <datafield tag="300" ind1=" " ind2=" ">
      <subfield code="a">Brown leather binding ; gold tooled spine with title &quot;Logica realis et ethica&quot; and &quot;Tom 2&quot;</subfield>
    </datafield>
    <datafield tag="336" ind1=" " ind2=" ">
      <subfield code="a">text</subfield>
      <subfield code="2">rdacontent</subfield>
    </datafield>
    <datafield tag="337" ind1=" " ind2=" ">
      <subfield code="a">unmediated</subfield>
      <subfield code="2">rdamedia</subfield>
    </datafield>
    <datafield tag="338" ind1=" " ind2=" ">
      <subfield code="a">volume</subfield>
      <subfield code="2">rdacarrier</subfield>
    </datafield>
    <datafield tag="340" ind1=" " ind2=" ">
      <subfield code="e">Paper</subfield>
    </datafield>
    <datafield tag="351" ind1=" " ind2=" ">
      <subfield code="a">Band in bruin leder ; goud gestempelde rug met titel &quot;Logica realis et ethica&quot; en &quot;Tom 2&quot;</subfield>
    </datafield>
    <datafield tag="500" ind1=" " ind2=" ">
      <subfield code="a">Title created by cataloguer</subfield>
    </datafield>
    <datafield tag="500" ind1=" " ind2=" ">
      <subfield code="a">4 colophons</subfield>
    </datafield>
    <datafield tag="500" ind1=" " ind2=" ">
      <subfield code="a">Colophon on f. 67r reads : Finis Logicæ Realis Dictatæ à Doctissimo Domino D[omin]o Verheyen Ex Crainhem Scriptæ vero à me Laurentio F. De Cock ex Lokeren Wasiano Hac 19 Julii 1770</subfield>
    </datafield>
    <datafield tag="500" ind1=" " ind2=" ">
      <subfield code="a">Colophon on f. 68r reads : Commencè le 8 9bre 1769</subfield>
    </datafield>
    <datafield tag="500" ind1=" " ind2=" ">
      <subfield code="a">Colophon on f. 192r  reads : Finis Ethices Dictatæ à Doctissimo D[omin]o Domino Bosch script ae vero à me Laurentio F. De Cock Lokerensi hac 24 aprilis 1770</subfield>
    </datafield>
    <datafield tag="500" ind1=" " ind2=" ">
      <subfield code="a">Colophon on f. 200v reads : Finis</subfield>
    </datafield>
    <datafield tag="505" ind1="0" ind2=" ">
      <subfield code="a">Logicae realis tomus secundus</subfield>
      <subfield code="g">f. 1r-67r</subfield>
    </datafield>
    <datafield tag="505" ind1="0" ind2=" ">
      <subfield code="a">* Sectio tertia De ratiocinatione seu Discursu</subfield>
      <subfield code="g">f. 1r-52r</subfield>
    </datafield>
    <datafield tag="505" ind1="0" ind2=" ">
      <subfield code="a">** Caput primum De syllogismo in genere</subfield>
      <subfield code="g">f. 4r-6v</subfield>
    </datafield>
    <datafield tag="505" ind1="0" ind2=" ">
      <subfield code="a">** Caput secundum [De syllogismis]</subfield>
      <subfield code="g">f. 6v-21v</subfield>
    </datafield>
    <datafield tag="505" ind1="0" ind2=" ">
      <subfield code="a">** Caput tertium De non nullis aliis argumentandi generibus</subfield>
      <subfield code="g">f. 22r-36r</subfield>
    </datafield>
    <datafield tag="505" ind1="0" ind2=" ">
      <subfield code="a">** Caput quartum De syllogismis cripticis et vitiosis</subfield>
      <subfield code="g">f. 36r-52r</subfield>
    </datafield>
    <datafield tag="505" ind1="0" ind2=" ">
      <subfield code="a">*Sectio quarta De methodo</subfield>
      <subfield code="g">f. 52r-66v</subfield>
    </datafield>
    <datafield tag="505" ind1="0" ind2=" ">
      <subfield code="a">** Caput unicum De diversis methodis</subfield>
      <subfield code="g">f. 53r-66v</subfield>
    </datafield>
    <datafield tag="505" ind1="0" ind2=" ">
      <subfield code="a">Ethica seu Philosophia moralis</subfield>
      <subfield code="g">f. 68r-192r</subfield>
    </datafield>
    <datafield tag="505" ind1="0" ind2=" ">
      <subfield code="a">* Proemium De natura scientiae moralis</subfield>
      <subfield code="g">f. 69v-71v</subfield>
    </datafield>
    <datafield tag="505" ind1="0" ind2=" ">
      <subfield code="a">* Pars prima De ultimo fine actuum humanorum sive de summo hominis bono</subfield>
      <subfield code="g">f. 71v-83v</subfield>
    </datafield>
    <datafield tag="505" ind1="0" ind2=" ">
      <subfield code="a">** Caput primum De bono generatim</subfield>
      <subfield code="g">f. 71v-76v</subfield>
    </datafield>
    <datafield tag="505" ind1="0" ind2=" ">
      <subfield code="a">** Caput secundum De fine</subfield>
      <subfield code="g">f. 76v-79r</subfield>
    </datafield>
    <datafield tag="505" ind1="0" ind2=" ">
      <subfield code="a">** Caput tertium De beatitudine</subfield>
      <subfield code="g">f. 79r-83r</subfield>
    </datafield>
    <datafield tag="505" ind1="0" ind2=" ">
      <subfield code="a">* Pars secunda De actibus humanis</subfield>
      <subfield code="g">f.  83r-131r</subfield>
    </datafield>
    <datafield tag="505" ind1="0" ind2=" ">
      <subfield code="a">** Caput primum Quid sit actus humanus, quid voluntarium et quotuplex</subfield>
      <subfield code="g">f. 84r-88v</subfield>
    </datafield>
    <datafield tag="505" ind1="0" ind2=" ">
      <subfield code="a">** Caput secundum De impediementis voluntarii</subfield>
      <subfield code="g">f. 88v-92v</subfield>
    </datafield>
    <datafield tag="505" ind1="0" ind2=" ">
      <subfield code="a">** Caput tertium De actibus liberis seu de libertate hominis</subfield>
      <subfield code="g">f. 92v-96v</subfield>
    </datafield>
    <datafield tag="505" ind1="0" ind2=" ">
      <subfield code="a">** Caput quartum De bonitate et malitia actuum humanorum</subfield>
      <subfield code="g">f. 97r-101r</subfield>
    </datafield>
    <datafield tag="505" ind1="0" ind2=" ">
      <subfield code="a">** Caput quintum De origine mali et simul (?) breviter de manichaeismo</subfield>
      <subfield code="g">f. 101r-104r</subfield>
    </datafield>
    <datafield tag="505" ind1="0" ind2=" ">
      <subfield code="a">** Caput sextum De actu indifferente</subfield>
      <subfield code="g">f. 104r-107v</subfield>
    </datafield>
    <datafield tag="505" ind1="0" ind2=" ">
      <subfield code="a">** Caput septimum De regulis actuum humanorum</subfield>
      <subfield code="g">f. 107v-122r</subfield>
    </datafield>
    <datafield tag="505" ind1="0" ind2=" ">
      <subfield code="a">** Caput octavum De conscientia</subfield>
      <subfield code="g">f. 122r-128v</subfield>
    </datafield>
    <datafield tag="505" ind1="0" ind2=" ">
      <subfield code="a">** Caput nonum De obligatione et imputatione legis</subfield>
      <subfield code="g">f. 129r-131r</subfield>
    </datafield>
    <datafield tag="505" ind1="0" ind2=" ">
      <subfield code="a">* Pars tertia De virtutibus et vitiis</subfield>
      <subfield code="g">f. 131r-144r</subfield>
    </datafield>
    <datafield tag="505" ind1="0" ind2=" ">
      <subfield code="a">** Caput primum De virtute generatim</subfield>
      <subfield code="g">f. 131r-132v</subfield>
    </datafield>
    <datafield tag="505" ind1="0" ind2=" ">
      <subfield code="a">** Caput secundum De virtutibus infusio136r</subfield>
      <subfield code="g">f. 132v-136r</subfield>
    </datafield>
    <datafield tag="505" ind1="0" ind2=" ">
      <subfield code="a">** Caput tertium De variis hominum vitiis</subfield>
      <subfield code="g">f. 136r-142r</subfield>
    </datafield>
    <datafield tag="505" ind1="0" ind2=" ">
      <subfield code="a">** Caput quartum De virtutibus</subfield>
      <subfield code="g">f. 142r-144r</subfield>
    </datafield>
    <datafield tag="505" ind1="0" ind2=" ">
      <subfield code="a">* Pars quarta De iure gentium et naturae</subfield>
      <subfield code="g">f. 144v-191v</subfield>
    </datafield>
    <datafield tag="505" ind1="0" ind2=" ">
      <subfield code="a">** Articulus primus De officis hominis erga deum</subfield>
      <subfield code="g">f. 145r-147v</subfield>
    </datafield>
    <datafield tag="505" ind1="0" ind2=" ">
      <subfield code="a">** Articulus secundus De officiiis hominis erga se ipsum</subfield>
      <subfield code="g">f. 148r-150v</subfield>
    </datafield>
    <datafield tag="505" ind1="0" ind2=" ">
      <subfield code="a">** Articulus tertius De officiis  hominis erga proximum</subfield>
      <subfield code="g">f. 150v-151v</subfield>
    </datafield>
    <datafield tag="505" ind1="0" ind2=" ">
      <subfield code="a">** Articulus quartus De officiis perfectis absolutis</subfield>
      <subfield code="g">f. 152r-156r</subfield>
    </datafield>
    <datafield tag="505" ind1="0" ind2=" ">
      <subfield code="a">** Articulus quintus De officiis erga alios imperfectis</subfield>
      <subfield code="g">f. 156r-157v</subfield>
    </datafield>
    <datafield tag="505" ind1="0" ind2=" ">
      <subfield code="a">** Articulus sextus De officiis contra alios hypothetice perfectis</subfield>
      <subfield code="g">f. 157v-166v</subfield>
    </datafield>
    <datafield tag="505" ind1="0" ind2=" ">
      <subfield code="a">** Articulus septimus De derivativis dominii acquisitionibus</subfield>
      <subfield code="g">f. 166v-169v</subfield>
    </datafield>
    <datafield tag="505" ind1="0" ind2=" ">
      <subfield code="a">** Articulus octavus De acquisitione per successionem testamentarium $g f. 169v-176v</subfield>
    </datafield>
    <datafield tag="505" ind1="0" ind2=" ">
      <subfield code="a">** Articulus nonus De iuribus et officiis quae oriuntur ex Dominio</subfield>
      <subfield code="g">f. 176v-180v</subfield>
    </datafield>
    <datafield tag="505" ind1="0" ind2=" ">
      <subfield code="a">** Articulus decimus De commerico rerum in Dominio constitutarum</subfield>
      <subfield code="g">f. 180v-187v</subfield>
    </datafield>
    <datafield tag="505" ind1="0" ind2=" ">
      <subfield code="a">** Articulus undecimus De pactis</subfield>
      <subfield code="g">f. 187v-190r</subfield>
    </datafield>
    <datafield tag="505" ind1="0" ind2=" ">
      <subfield code="a">** Articulus duodecimus De modis quibus solvuntur obligationes</subfield>
      <subfield code="g">f. 190r-191v</subfield>
    </datafield>
    <datafield tag="505" ind1="0" ind2=" ">
      <subfield code="a">* Index rerum  [Logicae I et II]</subfield>
      <subfield code="g">f. 194r-198v</subfield>
    </datafield>
    <datafield tag="505" ind1="0" ind2=" ">
      <subfield code="a">* Index rerum  Ethices</subfield>
      <subfield code="g">f. 199r-200v</subfield>
    </datafield>
    <datafield tag="544" ind1=" " ind2=" ">
      <subfield code="a">Louvain-la-Neuve, Archives de l'Université catholique de Louvain</subfield>
      <subfield code="b">Ms. C161</subfield>
    </datafield>
    <datafield tag="546" ind1=" " ind2=" ">
      <subfield code="a">Latin</subfield>
    </datafield>
    <datafield tag="653" ind1=" " ind2="6">
      <subfield code="a">Manuscripts</subfield>
    </datafield>
    <datafield tag="653" ind1=" " ind2="6">
      <subfield code="a">Lecture notes</subfield>
    </datafield>
    <datafield tag="700" ind1="1" ind2=" ">
      <subfield code="a">Bosch, Jacobus</subfield>
      <subfield code="d">†1773</subfield>
      <subfield code="3">professor primarius</subfield>
      <subfield code="4">pfs</subfield>
    </datafield>
    <datafield tag="700" ind1="1" ind2=" ">
      <subfield code="a">Verheyden, Engelbertus</subfield>
      <subfield code="d">1737-1804</subfield>
      <subfield code="3">professor secundarius</subfield>
      <subfield code="4">pfs</subfield>
    </datafield>
    <datafield tag="700" ind1="1" ind2=" ">
      <subfield code="a">De Kock, Laurentius Franciscus</subfield>
      <subfield code="4">stu</subfield>
    </datafield>
    <datafield tag="700" ind1="1" ind2=" ">
      <subfield code="a">Denique, Petrus Augustinus</subfield>
      <subfield code="g">engraver</subfield>
      <subfield code="4">egr</subfield>
    </datafield>
    <datafield tag="830" ind1=" " ind2="0">
      <subfield code="a">De methodo</subfield>
    </datafield>
    <datafield tag="830" ind1=" " ind2="0">
      <subfield code="a">De discursu</subfield>
    </datafield>
    <datafield tag="856" ind1="4" ind2="0">
      <subfield code="u">http://resolver.lias.be/get_pid?view&amp;usagetype=VIEW_MAIN,VIEW&amp;pid=3421105</subfield>
      <subfield code="y">Online version in LIAS</subfield>
    </datafield>
    <datafield tag="852" ind1=" " ind2=" ">
      <subfield code="8">22359296200001488</subfield>
      <subfield code="b">BIBC</subfield>
      <subfield code="c">BRES</subfield>
      <subfield code="l">UCL</subfield>
    </datafield>
    <datafield tag="900" ind1=" " ind2=" ">
      <subfield code="a">CONSOLIDATED RECORD</subfield>
    </datafield>
    <datafield tag="950" ind1=" " ind2=" ">
      <subfield code="a">1</subfield>
      <subfield code="b">engraved titlepage</subfield>
      <subfield code="c">with Aristotels and Plato an the sign of the Castle (Apud P Denique Lovanii)</subfield>
    </datafield>
    <datafield tag="952" ind1=" " ind2=" ">
      <subfield code="d">Leuven (Louvain)</subfield>
      <subfield code="e">Pedagogie De Burcht</subfield>
      <subfield code="0">(ODIS-ORG)35503</subfield>
      <subfield code="f">Faculty of Arts, Paedagogium Castri</subfield>
    </datafield>
    <datafield tag="953" ind1=" " ind2=" ">
      <subfield code="b">1701-1800</subfield>
    </datafield>
    <datafield tag="996" ind1=" " ind2=" ">
      <subfield code="a">UCL</subfield>
      <subfield code="b">physical</subfield>
      <subfield code="c">201509</subfield>
      <subfield code="d">Lectio Magister dixit</subfield>
    </datafield>
  </record>