
  <record>
    <leader>06172ntm a2201105 u 4500</leader>
    <controlfield tag="001">9992133547201488</controlfield>
    <controlfield tag="005">20151202142757.0</controlfield>
    <controlfield tag="008">150319m17591760xx      |     000 0 lat c</controlfield>
    <datafield tag="035" ind1=" " ind2=" ">
      <subfield code="a">(BeLVLBS)9992178585801471</subfield>
    </datafield>
    <datafield tag="035" ind1=" " ind2=" ">
      <subfield code="a">(EXLNZ-32KUL_LIBIS_NETWORK)9992178585801471</subfield>
    </datafield>
    <datafield tag="245" ind1="0" ind2="0">
      <subfield code="a">Logica</subfield>
    </datafield>
    <datafield tag="246" ind1="1" ind2="3">
      <subfield code="a">Philosophia Lovaniensis dictata a Dno Dno gravenne Professore Primario Florentissimi Pedagogii Lilii hanc Scripsit Hubertus Chainaie Huensis anno 1759</subfield>
    </datafield>
    <datafield tag="246" ind1="1" ind2="3">
      <subfield code="a">Philosophia Lovaniensis dictata a D[omi]no D[omi]no Gravenne professore primario florentissimi pedagogii Lilii. Hanc scripsit Hubertus Chainaie Huensis anno 1759</subfield>
    </datafield>
    <datafield tag="246" ind1="1" ind2="3">
      <subfield code="a">Logicæ pars altera Dictata a Dno Dno Mismaker Professore secundario florentissimi pedagogii Lilii  hanc Scripsit Gubertus Chainaie huensis Lovanii ao 1759</subfield>
    </datafield>
    <datafield tag="246" ind1="1" ind2="3">
      <subfield code="a">Logicae pars alter dictata a D[omi]no D[omi]no Mismaker professore secundario florentissimi pedagogii Lilii. Hanc scripsit Hubertus Chainaie Huensis Lovanii a[nn]o 1759</subfield>
    </datafield>
    <datafield tag="264" ind1=" " ind2="1">
      <subfield code="c">1759-1760</subfield>
    </datafield>
    <datafield tag="300" ind1=" " ind2=" ">
      <subfield code="a">261 f.</subfield>
      <subfield code="b">ill.</subfield>
      <subfield code="c">205 x 165 mm.</subfield>
    </datafield>
    <datafield tag="300" ind1=" " ind2=" ">
      <subfield code="a">Brown calf binding ; gold tooled spine with title &quot;Logica&quot;</subfield>
    </datafield>
    <datafield tag="336" ind1=" " ind2=" ">
      <subfield code="a">text</subfield>
      <subfield code="2">rdacontent</subfield>
    </datafield>
    <datafield tag="337" ind1=" " ind2=" ">
      <subfield code="a">unmediated</subfield>
      <subfield code="2">rdamedia</subfield>
    </datafield>
    <datafield tag="338" ind1=" " ind2=" ">
      <subfield code="a">volume</subfield>
      <subfield code="2">rdacarrier</subfield>
    </datafield>
    <datafield tag="340" ind1=" " ind2=" ">
      <subfield code="e">Paper</subfield>
    </datafield>
    <datafield tag="351" ind1=" " ind2=" ">
      <subfield code="a">Band in bruin kalfsleder ; goud gestempelde rug met titel &quot;Logica&quot;</subfield>
    </datafield>
    <datafield tag="500" ind1=" " ind2=" ">
      <subfield code="a">Title created by cataloguer</subfield>
    </datafield>
    <datafield tag="500" ind1=" " ind2=" ">
      <subfield code="a">6 colophons</subfield>
    </datafield>
    <datafield tag="500" ind1=" " ind2=" ">
      <subfield code="a">Colophon on f. 19v reads : 31 octobris 1759</subfield>
    </datafield>
    <datafield tag="500" ind1=" " ind2=" ">
      <subfield code="a">Colophon on f. 158v reads : Finis Logices Hac ii julii 1760. Fine coronato nobilitur opus Laus Deo in magnis et in minimus</subfield>
    </datafield>
    <datafield tag="500" ind1=" " ind2=" ">
      <subfield code="a">Colophon on f. 165v reads : 5ta octobris 1759</subfield>
    </datafield>
    <datafield tag="500" ind1=" " ind2=" ">
      <subfield code="a">Colophon on f. 169r reads : 8tava octobris 1759</subfield>
    </datafield>
    <datafield tag="500" ind1=" " ind2=" ">
      <subfield code="a">Colophon on f. 254v  reads : 14 martii 1760</subfield>
    </datafield>
    <datafield tag="500" ind1=" " ind2=" ">
      <subfield code="a">Colophon on f. 261r reads : Finis Logices Hac 22 martii 1760. Fine coronato nobilitatur opus</subfield>
    </datafield>
    <datafield tag="505" ind1="0" ind2=" ">
      <subfield code="a">[Logica realis]</subfield>
      <subfield code="g">f. 3r-158v</subfield>
    </datafield>
    <datafield tag="505" ind1="0" ind2=" ">
      <subfield code="a">* Proemium</subfield>
      <subfield code="g">f. 3r-3v</subfield>
    </datafield>
    <datafield tag="505" ind1="0" ind2=" ">
      <subfield code="a">* Logicae liber primus Quaestiones praeliminares</subfield>
      <subfield code="g">f. 3v-53r</subfield>
    </datafield>
    <datafield tag="505" ind1="0" ind2=" ">
      <subfield code="a">** Paragraphus primus De ideis earum divsionbus</subfield>
      <subfield code="g">f. 5r-6v</subfield>
    </datafield>
    <datafield tag="505" ind1="0" ind2=" ">
      <subfield code="a">** Paragraphus secundus An pura intellectio differat ab imaginatone</subfield>
      <subfield code="g">f. 6v-12r</subfield>
    </datafield>
    <datafield tag="505" ind1="0" ind2=" ">
      <subfield code="a">** Paragraphus  tertius De origine idearum</subfield>
      <subfield code="g">f. 12v-19v</subfield>
    </datafield>
    <datafield tag="505" ind1="0" ind2=" ">
      <subfield code="a">** Paragraphus quartus De ideis consideratis  ratione rei perceptae</subfield>
      <subfield code="g">f. 19v-23v</subfield>
    </datafield>
    <datafield tag="505" ind1="0" ind2=" ">
      <subfield code="a">** Paragraphus quintus De ideis consideratis ratione modi quo mens afficitur</subfield>
      <subfield code="g">f. 23v-24v</subfield>
    </datafield>
    <datafield tag="505" ind1="0" ind2=" ">
      <subfield code="a">** Paragraphus sextus De veritate idearum</subfield>
      <subfield code="g">f. 24v-29r</subfield>
    </datafield>
    <datafield tag="505" ind1="0" ind2=" ">
      <subfield code="a">** Paragraphus septimus De objectio idearum nostrarum</subfield>
      <subfield code="g">f. 29r-40v</subfield>
    </datafield>
    <datafield tag="505" ind1="0" ind2=" ">
      <subfield code="a">** Paragraphus octavus De variorum praedicamentis</subfield>
      <subfield code="g">f. 40v-42r</subfield>
    </datafield>
    <datafield tag="505" ind1="0" ind2=" ">
      <subfield code="a">** Paragraphus nonus De primo cognitionis proprio</subfield>
      <subfield code="g">f. 42r-53r</subfield>
    </datafield>
    <datafield tag="505" ind1="0" ind2=" ">
      <subfield code="a">* Liber secundus De secunda mentis operatione seu judico</subfield>
      <subfield code="g">f. 53r-102v</subfield>
    </datafield>
    <datafield tag="505" ind1="0" ind2=" ">
      <subfield code="a">** Caput primum De judicio secundum se et ilius motivo</subfield>
      <subfield code="g">f. 53r-61v</subfield>
    </datafield>
    <datafield tag="505" ind1="0" ind2=" ">
      <subfield code="a">** Caput secundum De divisione judicii ratione motivi</subfield>
      <subfield code="g">f. 62r-96r</subfield>
    </datafield>
    <datafield tag="505" ind1="0" ind2=" ">
      <subfield code="a">** Caput secundum [= tertium] De erroribus in judicio</subfield>
      <subfield code="g">f. 96r-102v</subfield>
    </datafield>
    <datafield tag="505" ind1="0" ind2=" ">
      <subfield code="a">* Liber tertius  De tertia mentis operatione sive de agurmentatione et discursu</subfield>
      <subfield code="g">f. 102v-155v</subfield>
    </datafield>
    <datafield tag="505" ind1="0" ind2=" ">
      <subfield code="a">** Caput  primum De natura discursus item de argumentatione ejusque divisionibus</subfield>
      <subfield code="g">f. 103r-116v</subfield>
    </datafield>
    <datafield tag="505" ind1="0" ind2=" ">
      <subfield code="a">** Caput secundum  De syllogismis et eorum regulis</subfield>
      <subfield code="g">f. 116v-129r</subfield>
    </datafield>
    <datafield tag="505" ind1="0" ind2=" ">
      <subfield code="a">** Caput tertium De modo judicandi de valore aut vitio silligismorum</subfield>
      <subfield code="g">f. 129r-138v</subfield>
    </datafield>
    <datafield tag="505" ind1="0" ind2=" ">
      <subfield code="a">** Caput quartum De variis aliis argumentationum speciebus</subfield>
      <subfield code="g">f. 138v-155v</subfield>
    </datafield>
    <datafield tag="505" ind1="0" ind2=" ">
      <subfield code="a">* Liber quartus De methodo</subfield>
      <subfield code="g">f. 155v-158v</subfield>
    </datafield>
    <datafield tag="505" ind1="0" ind2=" ">
      <subfield code="a">Logicae pars altera</subfield>
      <subfield code="g">f. 165r-261r</subfield>
    </datafield>
    <datafield tag="505" ind1="0" ind2=" ">
      <subfield code="a">* Proemium</subfield>
      <subfield code="g">f. 165r-165v</subfield>
    </datafield>
    <datafield tag="505" ind1="0" ind2=" ">
      <subfield code="a">* Quaestio praeliminaris De instrumentis sciendi</subfield>
      <subfield code="g">f. 165v-177v</subfield>
    </datafield>
    <datafield tag="505" ind1="0" ind2=" ">
      <subfield code="a">** Paragraphus primus</subfield>
      <subfield code="g">f. 165v-166r</subfield>
    </datafield>
    <datafield tag="505" ind1="0" ind2=" ">
      <subfield code="a">** Paragraphus secundus De definitione</subfield>
      <subfield code="g">f. 166r-168r</subfield>
    </datafield>
    <datafield tag="505" ind1="0" ind2=" ">
      <subfield code="a">** Paragraphus tertius De divisione</subfield>
      <subfield code="g">f. 168r-169r</subfield>
    </datafield>
    <datafield tag="505" ind1="0" ind2=" ">
      <subfield code="a">** Paragraphus quartus De argumentatione</subfield>
      <subfield code="g">f. 169r-172v</subfield>
    </datafield>
    <datafield tag="505" ind1="0" ind2=" ">
      <subfield code="a">** Paragraphus quartus [= quintus]  Explicatio quorundam terminorum in disputationibus occurrentium</subfield>
      <subfield code="g">f. 173r-177v</subfield>
    </datafield>
    <datafield tag="505" ind1="0" ind2=" ">
      <subfield code="a">* Logicae sermocinalis</subfield>
      <subfield code="g">f. 177v-261r</subfield>
    </datafield>
    <datafield tag="505" ind1="0" ind2=" ">
      <subfield code="a">** Tractatus primus [De signis et vocibus]</subfield>
      <subfield code="g">f. 177v-201r</subfield>
    </datafield>
    <datafield tag="505" ind1="0" ind2=" ">
      <subfield code="a">*** Caput primum De signis et illorum divisionibus</subfield>
      <subfield code="g">f. 177v-182r</subfield>
    </datafield>
    <datafield tag="505" ind1="0" ind2=" ">
      <subfield code="a">*** Caput secundum De vocibus</subfield>
      <subfield code="g">f. 182r-191r</subfield>
    </datafield>
    <datafield tag="505" ind1="0" ind2=" ">
      <subfield code="a">*** Caput quartum De variis vocum affectionibus</subfield>
      <subfield code="g">f. 191r-201r</subfield>
    </datafield>
    <datafield tag="505" ind1="0" ind2=" ">
      <subfield code="a">** Tractatus secundus De propositionibus</subfield>
      <subfield code="g">f. 201r-253r</subfield>
    </datafield>
    <datafield tag="505" ind1="0" ind2=" ">
      <subfield code="a">*** Caput primum De natura propositionis ejusque divisionibus</subfield>
      <subfield code="g">f. 201r-245r</subfield>
    </datafield>
    <datafield tag="505" ind1="0" ind2=" ">
      <subfield code="a">*** Caput secundum De enuntiationibus compositis</subfield>
      <subfield code="g">f. 245r-248r</subfield>
    </datafield>
    <datafield tag="505" ind1="0" ind2=" ">
      <subfield code="a">*** Caput tertium De enuntiationibus exponibilibus</subfield>
      <subfield code="g">f. 248r-253r</subfield>
    </datafield>
    <datafield tag="505" ind1="0" ind2=" ">
      <subfield code="a">** Tractatus tertius De argumentatione materiali seut topica</subfield>
      <subfield code="g">f. 253r-261r</subfield>
    </datafield>
    <datafield tag="505" ind1="0" ind2=" ">
      <subfield code="a">*** Caput primum De argumentatione topica generatim</subfield>
      <subfield code="g">f. 253r-254v</subfield>
    </datafield>
    <datafield tag="505" ind1="0" ind2=" ">
      <subfield code="a">*** Caput secundum De locis topicis magis famosis</subfield>
      <subfield code="g">f. 254v-261r</subfield>
    </datafield>
    <datafield tag="544" ind1=" " ind2=" ">
      <subfield code="a">Louvain-la-Neuve, Archives de l'Université catholique de Louvain</subfield>
      <subfield code="b">Ms. C48</subfield>
    </datafield>
    <datafield tag="546" ind1=" " ind2=" ">
      <subfield code="a">Latin</subfield>
    </datafield>
    <datafield tag="653" ind1=" " ind2="6">
      <subfield code="a">Manuscripts</subfield>
    </datafield>
    <datafield tag="653" ind1=" " ind2="6">
      <subfield code="a">Lecture notes</subfield>
    </datafield>
    <datafield tag="700" ind1="1" ind2=" ">
      <subfield code="a">Graven, Franciscus Antonius</subfield>
      <subfield code="4">pfs</subfield>
      <subfield code="3">professor primarius</subfield>
    </datafield>
    <datafield tag="700" ind1="1" ind2=" ">
      <subfield code="a">de Meezemaker, Josephus Martinus Antonius</subfield>
      <subfield code="4">pfs</subfield>
      <subfield code="3">professor secundarius</subfield>
    </datafield>
    <datafield tag="700" ind1="1" ind2=" ">
      <subfield code="a">Chainaie, Hubertus</subfield>
      <subfield code="4">stu</subfield>
    </datafield>
    <datafield tag="830" ind1=" " ind2="0">
      <subfield code="a">Topica</subfield>
    </datafield>
    <datafield tag="830" ind1=" " ind2="0">
      <subfield code="a">Prooemium in Logicam</subfield>
    </datafield>
    <datafield tag="830" ind1=" " ind2="0">
      <subfield code="a">De signo</subfield>
    </datafield>
    <datafield tag="830" ind1=" " ind2="0">
      <subfield code="a">De propositionibus</subfield>
    </datafield>
    <datafield tag="830" ind1=" " ind2="0">
      <subfield code="a">De methodo</subfield>
    </datafield>
    <datafield tag="830" ind1=" " ind2="0">
      <subfield code="a">De iudicio</subfield>
    </datafield>
    <datafield tag="830" ind1=" " ind2="0">
      <subfield code="a">De instrumentis sciendi</subfield>
    </datafield>
    <datafield tag="830" ind1=" " ind2="0">
      <subfield code="a">De ideis</subfield>
    </datafield>
    <datafield tag="830" ind1=" " ind2="0">
      <subfield code="a">De discursu</subfield>
    </datafield>
    <datafield tag="830" ind1=" " ind2="0">
      <subfield code="a">De argumentatione materiali</subfield>
    </datafield>
    <datafield tag="856" ind1="4" ind2="0">
      <subfield code="u">http://resolver.lias.be/get_pid?view&amp;usagetype=VIEW_MAIN,VIEW&amp;pid=3267870</subfield>
      <subfield code="y">Online version in LIAS</subfield>
    </datafield>
    <datafield tag="852" ind1=" " ind2=" ">
      <subfield code="8">22358577580001488</subfield>
      <subfield code="b">BIBC</subfield>
      <subfield code="c">BRES</subfield>
      <subfield code="l">UCL</subfield>
    </datafield>
    <datafield tag="900" ind1=" " ind2=" ">
      <subfield code="a">CONSOLIDATED RECORD</subfield>
    </datafield>
    <datafield tag="950" ind1=" " ind2=" ">
      <subfield code="a">f. 144b  :</subfield>
      <subfield code="b">pen drawing(s)</subfield>
      <subfield code="c">1 loose leaflet</subfield>
    </datafield>
    <datafield tag="952" ind1=" " ind2=" ">
      <subfield code="d">Leuven (Louvain)</subfield>
      <subfield code="e">Pedagogie De Lelie</subfield>
      <subfield code="0">(ODIS-ORG)35505</subfield>
      <subfield code="f">Faculty of Arts, Paedagogium Lilii</subfield>
    </datafield>
    <datafield tag="953" ind1=" " ind2=" ">
      <subfield code="b">1701-1800</subfield>
    </datafield>
    <datafield tag="996" ind1=" " ind2=" ">
      <subfield code="a">UCL</subfield>
      <subfield code="b">physical</subfield>
      <subfield code="c">201509</subfield>
      <subfield code="d">Lectio Magister dixit</subfield>
    </datafield>
  </record>