
  <record>
    <leader>04266ntm a2200817 u 4500</leader>
    <controlfield tag="001">9992136076601488</controlfield>
    <controlfield tag="005">20151202154842.0</controlfield>
    <controlfield tag="008">150413s1739    xx      |     000 0 lat c</controlfield>
    <datafield tag="035" ind1=" " ind2=" ">
      <subfield code="a">(BeLVLBS)9992182223601471</subfield>
    </datafield>
    <datafield tag="035" ind1=" " ind2=" ">
      <subfield code="a">(EXLNZ-32KUL_LIBIS_NETWORK)9992182223601471</subfield>
    </datafield>
    <datafield tag="245" ind1="0" ind2="0">
      <subfield code="a">Dialectica justa principia Logicæ Lovaniensis</subfield>
    </datafield>
    <datafield tag="246" ind1="1" ind2="3">
      <subfield code="a">Dialectica justa principia Logicæ Lovaniensis Dictata A Doctissimo domino D Deramaij Superemo in hoda Dialectices professore.  Scripta vero A petro francisco huberto Tondeur montensi. Anno domini. 1739:</subfield>
    </datafield>
    <datafield tag="246" ind1="1" ind2="3">
      <subfield code="a">Dialectica justa principia Logicæ Lovaniensis dictata a doctissimo Domino D[omino] Deramaij Superemo in hoda Dialectices professore.  Scripta vero a Petro Francisco Huberto Tondeur Montensi. Anno domini. 1739:</subfield>
    </datafield>
    <datafield tag="264" ind1=" " ind2="1">
      <subfield code="c">1739</subfield>
    </datafield>
    <datafield tag="300" ind1=" " ind2=" ">
      <subfield code="a">329 p.</subfield>
      <subfield code="b">ill.</subfield>
      <subfield code="c">205 x 165  mm.</subfield>
    </datafield>
    <datafield tag="300" ind1=" " ind2=" ">
      <subfield code="a">Brown leather  binding ; gold tooled spine with title &quot;Dialectica&quot;</subfield>
    </datafield>
    <datafield tag="336" ind1=" " ind2=" ">
      <subfield code="a">text</subfield>
      <subfield code="2">rdacontent</subfield>
    </datafield>
    <datafield tag="337" ind1=" " ind2=" ">
      <subfield code="a">unmediated</subfield>
      <subfield code="2">rdamedia</subfield>
    </datafield>
    <datafield tag="338" ind1=" " ind2=" ">
      <subfield code="a">volume</subfield>
      <subfield code="2">rdacarrier</subfield>
    </datafield>
    <datafield tag="340" ind1=" " ind2=" ">
      <subfield code="e">Paper</subfield>
    </datafield>
    <datafield tag="351" ind1=" " ind2=" ">
      <subfield code="a">Band in bruin leder ; goud gestempelde rug met titel 'Dialectica&quot;</subfield>
    </datafield>
    <datafield tag="500" ind1=" " ind2=" ">
      <subfield code="a">Title created by cataloguer</subfield>
    </datafield>
    <datafield tag="500" ind1=" " ind2=" ">
      <subfield code="a">2 colophons</subfield>
    </datafield>
    <datafield tag="500" ind1=" " ind2=" ">
      <subfield code="a">Colophon on p. 329  reads : Finis Coronat opus /  omnia Conscripsi sed non tamen omnis cæpi</subfield>
    </datafield>
    <datafield tag="500" ind1=" " ind2=" ">
      <subfield code="a">Missing  : p. 104-111, 142-151, 254-255,  278-279</subfield>
    </datafield>
    <datafield tag="505" ind1="0" ind2=" ">
      <subfield code="a">Dialectica justa principia Logicae Lovaniensis</subfield>
    </datafield>
    <datafield tag="505" ind1="0" ind2=" ">
      <subfield code="a">* Poemium</subfield>
      <subfield code="g">p. 2-8</subfield>
    </datafield>
    <datafield tag="505" ind1="0" ind2=" ">
      <subfield code="a">* Tractatus primus De instrumentis sciendi</subfield>
      <subfield code="g">p. 8-13</subfield>
    </datafield>
    <datafield tag="505" ind1="0" ind2=" ">
      <subfield code="a">** Caput primum De definitione</subfield>
      <subfield code="g">p. 8-10</subfield>
    </datafield>
    <datafield tag="505" ind1="0" ind2=" ">
      <subfield code="a">** Caput secundum De divisione</subfield>
      <subfield code="g">p. 10-11</subfield>
    </datafield>
    <datafield tag="505" ind1="0" ind2=" ">
      <subfield code="a">** Caput tertium De argumentatione</subfield>
      <subfield code="g">p. 11-13</subfield>
    </datafield>
    <datafield tag="505" ind1="0" ind2=" ">
      <subfield code="a">* Tractatus secundus De prima mentis operatione et iis quibus exprimuntur</subfield>
      <subfield code="g">p. 13-141</subfield>
    </datafield>
    <datafield tag="505" ind1="0" ind2=" ">
      <subfield code="a">** Caput primum De idea</subfield>
      <subfield code="g">p. 13-16</subfield>
    </datafield>
    <datafield tag="505" ind1="0" ind2=" ">
      <subfield code="a">** Caput secundum  De signis</subfield>
      <subfield code="g">p. 16-18</subfield>
    </datafield>
    <datafield tag="505" ind1="0" ind2=" ">
      <subfield code="a">** Caput tertium De voce ejusque divisionibus ac scatis</subfield>
      <subfield code="g">p. 19-30</subfield>
    </datafield>
    <datafield tag="505" ind1="0" ind2=" ">
      <subfield code="a">** Caput quartum De habitudine vocum</subfield>
      <subfield code="g">p. 30-87</subfield>
    </datafield>
    <datafield tag="505" ind1="0" ind2=" ">
      <subfield code="a">** Caput quintum De acceptionibus  vocum</subfield>
      <subfield code="g">p. 87-96</subfield>
    </datafield>
    <datafield tag="505" ind1="0" ind2=" ">
      <subfield code="a">** Annotata ad universam materiam</subfield>
      <subfield code="g">p. 96-99</subfield>
    </datafield>
    <datafield tag="505" ind1="0" ind2=" ">
      <subfield code="a">** Thema compositionis</subfield>
      <subfield code="g">p. 99-103</subfield>
    </datafield>
    <datafield tag="505" ind1="0" ind2=" ">
      <subfield code="a">** Quaedem  dialecticae questiones</subfield>
      <subfield code="g">p. 112-131</subfield>
    </datafield>
    <datafield tag="505" ind1="0" ind2=" ">
      <subfield code="a">** Quaedam  vocum questiones</subfield>
      <subfield code="g">p. 132-141</subfield>
    </datafield>
    <datafield tag="505" ind1="0" ind2=" ">
      <subfield code="a">* Tractatus tertius De secunda mentis operatione sive de judicio</subfield>
      <subfield code="g">p. 152-279</subfield>
    </datafield>
    <datafield tag="505" ind1="0" ind2=" ">
      <subfield code="a">** Caput primum De judicio ejusque sequentibus</subfield>
      <subfield code="g">p. 152-156</subfield>
    </datafield>
    <datafield tag="505" ind1="0" ind2=" ">
      <subfield code="a">** Caput secundum De his quae secundae mentis operatione correspondent sive de enunciationibus</subfield>
      <subfield code="g">p. 157-176</subfield>
    </datafield>
    <datafield tag="505" ind1="0" ind2=" ">
      <subfield code="a">** Caput tertium De prositionibus respective ad suas proprietates</subfield>
      <subfield code="g">p. 176-221</subfield>
    </datafield>
    <datafield tag="505" ind1="0" ind2=" ">
      <subfield code="a">** Appendix ad universam materiam</subfield>
      <subfield code="g">p. 221-252</subfield>
    </datafield>
    <datafield tag="505" ind1="0" ind2=" ">
      <subfield code="a">** Quaedam questiones de secunda mentis operatione sive de judicio</subfield>
      <subfield code="g">p. 256-277</subfield>
    </datafield>
    <datafield tag="505" ind1="0" ind2=" ">
      <subfield code="a">* Tractatus quatus De tertia mentis operatione sive de discursu</subfield>
      <subfield code="g">p. 280-300</subfield>
    </datafield>
    <datafield tag="505" ind1="0" ind2=" ">
      <subfield code="a">** Quaedam questiones de tertia mentis operatione sive de discursu</subfield>
      <subfield code="g">p. 300-304</subfield>
    </datafield>
    <datafield tag="505" ind1="0" ind2=" ">
      <subfield code="a">** Titulus observanda in publicis disputationibus</subfield>
      <subfield code="g">p. 306-329</subfield>
    </datafield>
    <datafield tag="544" ind1=" " ind2=" ">
      <subfield code="a">Louvain-la-Neuve, Archives de l'Université catholique de Louvain</subfield>
      <subfield code="b">Ms. C164</subfield>
    </datafield>
    <datafield tag="546" ind1=" " ind2=" ">
      <subfield code="a">Latin</subfield>
    </datafield>
    <datafield tag="653" ind1=" " ind2="6">
      <subfield code="a">Manuscripts</subfield>
    </datafield>
    <datafield tag="653" ind1=" " ind2="6">
      <subfield code="a">Lecture notes</subfield>
    </datafield>
    <datafield tag="700" ind1="1" ind2=" ">
      <subfield code="a">Deramij</subfield>
      <subfield code="4">pfs</subfield>
    </datafield>
    <datafield tag="700" ind1="1" ind2=" ">
      <subfield code="a">Tondeur, Petrus Franciscus Hubertus</subfield>
      <subfield code="4">stu</subfield>
    </datafield>
    <datafield tag="830" ind1=" " ind2="0">
      <subfield code="a">Prooemium in Logicam</subfield>
    </datafield>
    <datafield tag="830" ind1=" " ind2="0">
      <subfield code="a">De iudicio</subfield>
    </datafield>
    <datafield tag="830" ind1=" " ind2="0">
      <subfield code="a">De instrumentis sciendi</subfield>
    </datafield>
    <datafield tag="830" ind1=" " ind2="0">
      <subfield code="a">De ideis</subfield>
    </datafield>
    <datafield tag="830" ind1=" " ind2="0">
      <subfield code="a">De discursu</subfield>
    </datafield>
    <datafield tag="856" ind1="4" ind2="0">
      <subfield code="u">http://resolver.lias.be/get_pid?view&amp;usagetype=VIEW_MAIN,VIEW&amp;pid=3422771</subfield>
      <subfield code="y">Online version in LIAS</subfield>
    </datafield>
    <datafield tag="852" ind1=" " ind2=" ">
      <subfield code="8">22359294310001488</subfield>
      <subfield code="b">BIBC</subfield>
      <subfield code="c">BRES</subfield>
      <subfield code="l">UCL</subfield>
    </datafield>
    <datafield tag="900" ind1=" " ind2=" ">
      <subfield code="a">CONSOLIDATED RECORD</subfield>
    </datafield>
    <datafield tag="950" ind1=" " ind2=" ">
      <subfield code="a">many small</subfield>
      <subfield code="b">pen drawing(s)</subfield>
      <subfield code="c">birds, flowers, animals, angels, shooting of birds</subfield>
    </datafield>
    <datafield tag="950" ind1=" " ind2=" ">
      <subfield code="a">p. 54 :</subfield>
      <subfield code="b">pen drawing(s)</subfield>
      <subfield code="c">Vrbs montana 1739</subfield>
    </datafield>
    <datafield tag="950" ind1=" " ind2=" ">
      <subfield code="a">p. 55 :</subfield>
      <subfield code="b">pen drawing(s)</subfield>
      <subfield code="c">coat of arms, horse and dog</subfield>
    </datafield>
    <datafield tag="950" ind1=" " ind2=" ">
      <subfield code="a">p. 166 :</subfield>
      <subfield code="b">pen drawing(s)</subfield>
      <subfield code="c">signs of the Pig, the Lily, the Falcon and the Castle</subfield>
    </datafield>
    <datafield tag="950" ind1=" " ind2=" ">
      <subfield code="a">p. 188 :</subfield>
      <subfield code="b">pen drawing(s)</subfield>
      <subfield code="c">tabula oppositarum</subfield>
    </datafield>
    <datafield tag="950" ind1=" " ind2=" ">
      <subfield code="a">p. 329 :</subfield>
      <subfield code="b">pen drawing(s)</subfield>
      <subfield code="c">horse and coat of arms of Mons</subfield>
    </datafield>
    <datafield tag="952" ind1=" " ind2=" ">
      <subfield code="d">Leuven (Louvain)</subfield>
      <subfield code="e">College van Bergen</subfield>
      <subfield code="f">Collegium Montense</subfield>
    </datafield>
    <datafield tag="953" ind1=" " ind2=" ">
      <subfield code="b">1701-1800</subfield>
    </datafield>
    <datafield tag="996" ind1=" " ind2=" ">
      <subfield code="a">UCL</subfield>
      <subfield code="b">physical</subfield>
      <subfield code="c">201509</subfield>
      <subfield code="d">Lectio Magister dixit</subfield>
    </datafield>
  </record>