
  <record>
    <leader>06822ntm a2201405 u 4500</leader>
    <controlfield tag="001">9992134606101488</controlfield>
    <controlfield tag="005">20151214091809.0</controlfield>
    <controlfield tag="008">150324p17011797xx      |     000 0 lat c</controlfield>
    <datafield tag="035" ind1=" " ind2=" ">
      <subfield code="a">(BeLVLBS)9992179665701471</subfield>
    </datafield>
    <datafield tag="035" ind1=" " ind2=" ">
      <subfield code="a">(EXLNZ-32KUL_LIBIS_NETWORK)9992179665701471</subfield>
    </datafield>
    <datafield tag="245" ind1="0" ind2="0">
      <subfield code="a">Logica. Metaphysica. Ethica</subfield>
    </datafield>
    <datafield tag="264" ind1=" " ind2="1">
      <subfield code="c">1701-1797</subfield>
    </datafield>
    <datafield tag="300" ind1=" " ind2=" ">
      <subfield code="a">174 f.</subfield>
      <subfield code="b">ill.</subfield>
      <subfield code="c">210 x 135  mm.</subfield>
    </datafield>
    <datafield tag="300" ind1=" " ind2=" ">
      <subfield code="a">Cardboard binding ; half leather binding, spine and fore edges with brown leather, boards with marbled paper ; restored</subfield>
    </datafield>
    <datafield tag="336" ind1=" " ind2=" ">
      <subfield code="a">text</subfield>
      <subfield code="2">rdacontent</subfield>
    </datafield>
    <datafield tag="337" ind1=" " ind2=" ">
      <subfield code="a">unmediated</subfield>
      <subfield code="2">rdamedia</subfield>
    </datafield>
    <datafield tag="338" ind1=" " ind2=" ">
      <subfield code="a">volume</subfield>
      <subfield code="2">rdacarrier</subfield>
    </datafield>
    <datafield tag="340" ind1=" " ind2=" ">
      <subfield code="e">Paper</subfield>
    </datafield>
    <datafield tag="351" ind1=" " ind2=" ">
      <subfield code="a">Band in karton ; rug en zijsnedes overtrokken met bruin leder, platten met gemarmerd papier ; gerestaureerd</subfield>
    </datafield>
    <datafield tag="500" ind1=" " ind2=" ">
      <subfield code="a">Title created by cataloguer</subfield>
    </datafield>
    <datafield tag="505" ind1="0" ind2=" ">
      <subfield code="a">Logica</subfield>
      <subfield code="g">f. 1v-73v</subfield>
    </datafield>
    <datafield tag="505" ind1="0" ind2=" ">
      <subfield code="a">*  Modus contrahendi voces</subfield>
      <subfield code="g">f. 2r-4v</subfield>
    </datafield>
    <datafield tag="505" ind1="0" ind2=" ">
      <subfield code="a">* Logica elementaris</subfield>
      <subfield code="g">f. 4v-35v</subfield>
    </datafield>
    <datafield tag="505" ind1="0" ind2=" ">
      <subfield code="a">** Introductio ad philosophiam</subfield>
      <subfield code="g">f. 4v-10r</subfield>
    </datafield>
    <datafield tag="505" ind1="0" ind2=" ">
      <subfield code="a">** Pars prima [De terminis]</subfield>
      <subfield code="g">f. 10r-16r</subfield>
    </datafield>
    <datafield tag="505" ind1="0" ind2=" ">
      <subfield code="a">*** Caput primum De termino</subfield>
      <subfield code="g">f. 10r-11v</subfield>
    </datafield>
    <datafield tag="505" ind1="0" ind2=" ">
      <subfield code="a">*** Caput secundum De variis terminorum affectionibus</subfield>
      <subfield code="g">f. 11v-15r</subfield>
    </datafield>
    <datafield tag="505" ind1="0" ind2=" ">
      <subfield code="a">*** Caput tertium De pronomine, verbo et adverbio</subfield>
      <subfield code="g">f. 15r-16r</subfield>
    </datafield>
    <datafield tag="505" ind1="0" ind2=" ">
      <subfield code="a">** Pars secunda De propositione</subfield>
      <subfield code="g">f. 16r-25r</subfield>
    </datafield>
    <datafield tag="505" ind1="0" ind2=" ">
      <subfield code="a">*** Caput primum De principiis compositionis propositionum</subfield>
      <subfield code="g">f. 16r</subfield>
    </datafield>
    <datafield tag="505" ind1="0" ind2=" ">
      <subfield code="a">*** Caput secundum De quantitate propositionis</subfield>
      <subfield code="g">f. 16r-16v</subfield>
    </datafield>
    <datafield tag="505" ind1="0" ind2=" ">
      <subfield code="a">*** Caput tertium De qualitate propositionis</subfield>
      <subfield code="g">f. 17r-23r</subfield>
    </datafield>
    <datafield tag="505" ind1="0" ind2=" ">
      <subfield code="a">*** Caput quartum De variis propositionum speciebus</subfield>
      <subfield code="g">f. 23r-25r</subfield>
    </datafield>
    <datafield tag="505" ind1="0" ind2=" ">
      <subfield code="a">** Pars tertia De discursu seu ratiocinio</subfield>
      <subfield code="g">f. 25r-34r</subfield>
    </datafield>
    <datafield tag="505" ind1="0" ind2=" ">
      <subfield code="a">*** Caput  primum De natura syllogismi</subfield>
      <subfield code="g">f. 26r-32r</subfield>
    </datafield>
    <datafield tag="505" ind1="0" ind2=" ">
      <subfield code="a">*** Caput  secundum De variis syllogismorum speciebus</subfield>
      <subfield code="g">f. 32r-33v</subfield>
    </datafield>
    <datafield tag="505" ind1="0" ind2=" ">
      <subfield code="a">*** Caput tertium De fallacibus argumentandi generibus seu De sophismatibus</subfield>
      <subfield code="g">f. 33v-34r</subfield>
    </datafield>
    <datafield tag="505" ind1="0" ind2=" ">
      <subfield code="a">** De methodo</subfield>
      <subfield code="g">f. 34v-35v</subfield>
    </datafield>
    <datafield tag="505" ind1="0" ind2=" ">
      <subfield code="a">* Logica</subfield>
      <subfield code="g">f. 36r-73v</subfield>
    </datafield>
    <datafield tag="505" ind1="0" ind2=" ">
      <subfield code="a">** De notionibus praeliminaribus</subfield>
      <subfield code="g">f. 36r-42v</subfield>
    </datafield>
    <datafield tag="505" ind1="0" ind2=" ">
      <subfield code="a">** Pars prima De cognitione</subfield>
      <subfield code="g">f. 42v-58r</subfield>
    </datafield>
    <datafield tag="505" ind1="0" ind2=" ">
      <subfield code="a">*** Articulus primus De speciebus sensu  intimi</subfield>
      <subfield code="g">f. 43r-50v</subfield>
    </datafield>
    <datafield tag="505" ind1="0" ind2=" ">
      <subfield code="a">*** Articulus secundus De speciebus perceptionum</subfield>
      <subfield code="g">f. 50v-58r</subfield>
    </datafield>
    <datafield tag="505" ind1="0" ind2=" ">
      <subfield code="a">** Pars secunda De judicio</subfield>
      <subfield code="g">f. 58r-73v</subfield>
    </datafield>
    <datafield tag="505" ind1="0" ind2=" ">
      <subfield code="a">*** Caput primum De natura judicii</subfield>
      <subfield code="g">f. 58r-59v</subfield>
    </datafield>
    <datafield tag="505" ind1="0" ind2=" ">
      <subfield code="a">*** Caput secundum De judicii motivo</subfield>
      <subfield code="g">f. 59v-73v</subfield>
    </datafield>
    <datafield tag="505" ind1="0" ind2=" ">
      <subfield code="a">Philosophiae pars secundae [Metaphysica]</subfield>
      <subfield code="g">74r-126v</subfield>
    </datafield>
    <datafield tag="505" ind1="0" ind2=" ">
      <subfield code="a">* In metaphysicam praefatio</subfield>
      <subfield code="g">74r</subfield>
    </datafield>
    <datafield tag="505" ind1="0" ind2=" ">
      <subfield code="a">* Metaphysica pars prima seu Ontologia</subfield>
      <subfield code="g">f. 74r-84r</subfield>
    </datafield>
    <datafield tag="505" ind1="0" ind2=" ">
      <subfield code="a">** Quaestio prima Quid sit ens?</subfield>
      <subfield code="g">f.74r-75v</subfield>
    </datafield>
    <datafield tag="505" ind1="0" ind2=" ">
      <subfield code="a">** Quaestio secunda  An sit ens?</subfield>
      <subfield code="g">f. 75v-76r</subfield>
    </datafield>
    <datafield tag="505" ind1="0" ind2=" ">
      <subfield code="a">** Quaestio tertia Cur sit ens?</subfield>
      <subfield code="g">f.76r-81r</subfield>
    </datafield>
    <datafield tag="505" ind1="0" ind2=" ">
      <subfield code="a">** Quaestio quarta Quotuplex sit ens?</subfield>
      <subfield code="g">f. 81r-84r</subfield>
    </datafield>
    <datafield tag="505" ind1="0" ind2=" ">
      <subfield code="a">* Metaphysicae pars secunda seu Pneumatologia</subfield>
      <subfield code="g">f. 84r-126v</subfield>
    </datafield>
    <datafield tag="505" ind1="0" ind2=" ">
      <subfield code="a">** Pars prima sive Theodicea</subfield>
      <subfield code="g">f. 84r-114r</subfield>
    </datafield>
    <datafield tag="505" ind1="0" ind2=" ">
      <subfield code="a">*** Dissertatio prima De existentia Dei</subfield>
      <subfield code="g">f. 84v-97v</subfield>
    </datafield>
    <datafield tag="505" ind1="0" ind2=" ">
      <subfield code="a">*** Dissertatio secunda De atheorum systematibus</subfield>
      <subfield code="g">f. 97v-100v</subfield>
    </datafield>
    <datafield tag="505" ind1="0" ind2=" ">
      <subfield code="a">*** Dissertatio tertia De unitate Dei</subfield>
      <subfield code="g">f. 100v-106r</subfield>
    </datafield>
    <datafield tag="505" ind1="0" ind2=" ">
      <subfield code="a">*** Dissertatio quarta De attributis divinis</subfield>
      <subfield code="g">f. 106r-114r</subfield>
    </datafield>
    <datafield tag="505" ind1="0" ind2=" ">
      <subfield code="a">** Pars seunda Psicologia seu de mente humana</subfield>
      <subfield code="g">f. 114r-126v</subfield>
    </datafield>
    <datafield tag="505" ind1="0" ind2=" ">
      <subfield code="a">*** Dissertatio prima De natura et proprietatibus mentis humanae</subfield>
      <subfield code="g">f. 114r-122r</subfield>
    </datafield>
    <datafield tag="505" ind1="0" ind2=" ">
      <subfield code="a">**** Quaestio prima An mens humana sit specialis?</subfield>
      <subfield code="g">f. 114r-118r</subfield>
    </datafield>
    <datafield tag="505" ind1="0" ind2=" ">
      <subfield code="a">**** Quaestio secunda Utrum mens humana sit immortalis?</subfield>
      <subfield code="g">f. 118r-122r</subfield>
    </datafield>
    <datafield tag="505" ind1="0" ind2=" ">
      <subfield code="a">*** Dissertatio secunda De facultatibus et proprietatibus mentis humanae</subfield>
      <subfield code="g">f. 122r-126v</subfield>
    </datafield>
    <datafield tag="505" ind1="0" ind2=" ">
      <subfield code="a">**** Paragraphus primus De origine animarum humanorum</subfield>
      <subfield code="g">f. 122r-123r</subfield>
    </datafield>
    <datafield tag="505" ind1="0" ind2=" ">
      <subfield code="a">**** Paragraphus secundus De unione mentis cum corpore</subfield>
      <subfield code="g">f. 123r-125v</subfield>
    </datafield>
    <datafield tag="505" ind1="0" ind2=" ">
      <subfield code="a">**** Paragraphus tertius De mentis facultatibus</subfield>
      <subfield code="g">f. 125v-126v</subfield>
    </datafield>
    <datafield tag="505" ind1="0" ind2=" ">
      <subfield code="a">[Ethica]</subfield>
      <subfield code="g">f. 127r-169r</subfield>
    </datafield>
    <datafield tag="505" ind1="0" ind2=" ">
      <subfield code="a">* Praefatio in ethicam seu philosophiam moralem</subfield>
      <subfield code="g">f. 127r</subfield>
    </datafield>
    <datafield tag="505" ind1="0" ind2=" ">
      <subfield code="a">* Notiones praeliminares. De natura et divisione ethicae seu philosophiae moralis $g f. 127r-148r</subfield>
    </datafield>
    <datafield tag="505" ind1="0" ind2=" ">
      <subfield code="a">** Pars prima De internis actuum humanorum principiis congenitis</subfield>
      <subfield code="g">f. 128v-143r</subfield>
    </datafield>
    <datafield tag="505" ind1="0" ind2=" ">
      <subfield code="a">*** Articulus primus De activitate</subfield>
      <subfield code="g">f. 128v-130v</subfield>
    </datafield>
    <datafield tag="505" ind1="0" ind2=" ">
      <subfield code="a">*** Articulus secundus De voluntarietate</subfield>
      <subfield code="g">f. 130v-136v</subfield>
    </datafield>
    <datafield tag="505" ind1="0" ind2=" ">
      <subfield code="a">*** Articulus tertius De libertate</subfield>
      <subfield code="g">f. 136v-143r</subfield>
    </datafield>
    <datafield tag="505" ind1="0" ind2=" ">
      <subfield code="a">** Pars secunda De externis actuum humanorum principiis</subfield>
      <subfield code="g">f. 143r-150r</subfield>
    </datafield>
    <datafield tag="505" ind1="0" ind2=" ">
      <subfield code="a">*** Caput primum De bono et malo</subfield>
      <subfield code="g">f. 143r-145r</subfield>
    </datafield>
    <datafield tag="505" ind1="0" ind2=" ">
      <subfield code="a">*** Caput secundum De fine</subfield>
      <subfield code="g">f. 145r-147r</subfield>
    </datafield>
    <datafield tag="505" ind1="0" ind2=" ">
      <subfield code="a">*** Caput tertium De beatitudine</subfield>
      <subfield code="g">f. 147r-150r</subfield>
    </datafield>
    <datafield tag="505" ind1="0" ind2=" ">
      <subfield code="a">** Pars teria De actuum humanorum regulis</subfield>
      <subfield code="g">f. 150r-155r</subfield>
    </datafield>
    <datafield tag="505" ind1="0" ind2=" ">
      <subfield code="a">*** Caput primum De lege naturali</subfield>
      <subfield code="g">f. 151v-155r</subfield>
    </datafield>
    <datafield tag="505" ind1="0" ind2=" ">
      <subfield code="a">*** Caput secundum De lege positiva</subfield>
      <subfield code="g">f. 155r</subfield>
    </datafield>
    <datafield tag="505" ind1="0" ind2=" ">
      <subfield code="a">** Pars quarta De variis vitae humanae officiis</subfield>
      <subfield code="g">f. 155r-165r</subfield>
    </datafield>
    <datafield tag="505" ind1="0" ind2=" ">
      <subfield code="a">*** Caput primum De ethica monastica $g f. 155v-165r</subfield>
    </datafield>
    <datafield tag="505" ind1="0" ind2=" ">
      <subfield code="a">** Pars quinta De moralitate actuum humanorum, virtutibus, et vitiis</subfield>
      <subfield code="g">f. 165r-169r</subfield>
    </datafield>
    <datafield tag="505" ind1="0" ind2=" ">
      <subfield code="a">*** Articulus primus De moralitate et circumstantiis actuum humanorum</subfield>
      <subfield code="g">f. 165r-165v</subfield>
    </datafield>
    <datafield tag="505" ind1="0" ind2=" ">
      <subfield code="a">*** Articulus secundus De virtutibus moralibus</subfield>
      <subfield code="g">f. 165v-168r</subfield>
    </datafield>
    <datafield tag="505" ind1="0" ind2=" ">
      <subfield code="a">*** Articulus tertius De vitiis et peccatis</subfield>
      <subfield code="g">f. 168r</subfield>
    </datafield>
    <datafield tag="505" ind1="0" ind2=" ">
      <subfield code="a">*** Caput [= Articulus] ultimum De ethica economica et civili</subfield>
      <subfield code="g">f. 168r-169r</subfield>
    </datafield>
    <datafield tag="544" ind1=" " ind2=" ">
      <subfield code="a">Louvain-la-Neuve, Archives de l'Université catholique de Louvain</subfield>
      <subfield code="b">Ms. C49</subfield>
    </datafield>
    <datafield tag="546" ind1=" " ind2=" ">
      <subfield code="a">Latin</subfield>
    </datafield>
    <datafield tag="653" ind1=" " ind2="6">
      <subfield code="a">Manuscripts</subfield>
    </datafield>
    <datafield tag="653" ind1=" " ind2="6">
      <subfield code="a">Lecture notes</subfield>
    </datafield>
    <datafield tag="830" ind1=" " ind2="0">
      <subfield code="a">Sophistici elenchi</subfield>
    </datafield>
    <datafield tag="830" ind1=" " ind2="0">
      <subfield code="a">Prooemium in metaphysicam</subfield>
    </datafield>
    <datafield tag="830" ind1=" " ind2="0">
      <subfield code="a">Prooemium in logicam</subfield>
    </datafield>
    <datafield tag="830" ind1=" " ind2="0">
      <subfield code="a">Prooemium in ethicam</subfield>
    </datafield>
    <datafield tag="830" ind1=" " ind2="0">
      <subfield code="a">Prolegomena philosophiae</subfield>
    </datafield>
    <datafield tag="830" ind1=" " ind2="0">
      <subfield code="a">De voce</subfield>
    </datafield>
    <datafield tag="830" ind1=" " ind2="0">
      <subfield code="a">De theodicea</subfield>
    </datafield>
    <datafield tag="830" ind1=" " ind2="0">
      <subfield code="a">De terminis</subfield>
    </datafield>
    <datafield tag="830" ind1=" " ind2="0">
      <subfield code="a">De syllogismo</subfield>
    </datafield>
    <datafield tag="830" ind1=" " ind2="0">
      <subfield code="a">De sophisticis elenchis</subfield>
    </datafield>
    <datafield tag="830" ind1=" " ind2="0">
      <subfield code="a">De ratiocinio</subfield>
    </datafield>
    <datafield tag="830" ind1=" " ind2="0">
      <subfield code="a">De psychologia</subfield>
    </datafield>
    <datafield tag="830" ind1=" " ind2="0">
      <subfield code="a">De propositionibus</subfield>
    </datafield>
    <datafield tag="830" ind1=" " ind2="0">
      <subfield code="a">De pneumatologia</subfield>
    </datafield>
    <datafield tag="830" ind1=" " ind2="0">
      <subfield code="a">De perceptione</subfield>
    </datafield>
    <datafield tag="830" ind1=" " ind2="0">
      <subfield code="a">De methodo</subfield>
    </datafield>
    <datafield tag="830" ind1=" " ind2="0">
      <subfield code="a">De iudicio</subfield>
    </datafield>
    <datafield tag="830" ind1=" " ind2="0">
      <subfield code="a">De ente</subfield>
    </datafield>
    <datafield tag="830" ind1=" " ind2="0">
      <subfield code="a">De discursu</subfield>
    </datafield>
    <datafield tag="830" ind1=" " ind2="0">
      <subfield code="a">De cognitione</subfield>
    </datafield>
    <datafield tag="830" ind1=" " ind2="0">
      <subfield code="a">De argumentatione</subfield>
    </datafield>
    <datafield tag="830" ind1=" " ind2="0">
      <subfield code="a">De actionibus humanis</subfield>
    </datafield>
    <datafield tag="830" ind1=" " ind2="0">
      <subfield code="a">Analytica priora</subfield>
    </datafield>
    <datafield tag="856" ind1="4" ind2="0">
      <subfield code="u">http://resolver.lias.be/get_pid?view&amp;usagetype=VIEW_MAIN,VIEW&amp;pid=3270000</subfield>
      <subfield code="y">Online version in LIAS</subfield>
    </datafield>
    <datafield tag="852" ind1=" " ind2=" ">
      <subfield code="8">22358695800001488</subfield>
      <subfield code="b">BIBC</subfield>
      <subfield code="c">BRES</subfield>
      <subfield code="l">UCL</subfield>
    </datafield>
    <datafield tag="900" ind1=" " ind2=" ">
      <subfield code="a">CONSOLIDATED RECORD</subfield>
    </datafield>
    <datafield tag="950" ind1=" " ind2=" ">
      <subfield code="a">f. 1v :</subfield>
      <subfield code="b">pen drawing(s)</subfield>
      <subfield code="c">Arbor Porphyrii</subfield>
    </datafield>
    <datafield tag="952" ind1=" " ind2=" ">
      <subfield code="d">Leuven (Louvain)</subfield>
      <subfield code="e">Pedagogie onbekend</subfield>
      <subfield code="f">Faculty of Arts, pedagogy unknown</subfield>
    </datafield>
    <datafield tag="953" ind1=" " ind2=" ">
      <subfield code="b">1701-1800</subfield>
    </datafield>
    <datafield tag="996" ind1=" " ind2=" ">
      <subfield code="a">UCL</subfield>
      <subfield code="b">physical</subfield>
      <subfield code="c">201509</subfield>
      <subfield code="d">Lectio Magister dixit</subfield>
    </datafield>
  </record>