
  <record>
    <leader>07369ntm a2201297 u 4500</leader>
    <controlfield tag="001">9992136093101488</controlfield>
    <controlfield tag="005">20151202160512.0</controlfield>
    <controlfield tag="008">150408m17761777xx      |     000 0 lat c</controlfield>
    <datafield tag="035" ind1=" " ind2=" ">
      <subfield code="a">(BeLVLBS)9992182245101471</subfield>
    </datafield>
    <datafield tag="035" ind1=" " ind2=" ">
      <subfield code="a">(EXLNZ-32KUL_LIBIS_NETWORK)9992182245101471</subfield>
    </datafield>
    <datafield tag="245" ind1="0" ind2="0">
      <subfield code="a">Ethica. Logica</subfield>
    </datafield>
    <datafield tag="246" ind1="1" ind2="3">
      <subfield code="a">Tractatus de ethica &amp; de logica Lahaye Franciscus Josephus Lahaye Huensis philosophicus in Falcone  Anno 1777</subfield>
    </datafield>
    <datafield tag="246" ind1="1" ind2="3">
      <subfield code="a">Tractatus de ethica et de logica Lahaye Franciscus Josephus Lahaye Huensis philosophicus in Falcone  Anno 1777</subfield>
    </datafield>
    <datafield tag="246" ind1="1" ind2="3">
      <subfield code="a">Tractatus de logica 1776 Scriptus a francisco josepho Lahaye hoano in pedagogio falconensi philosoph 1777</subfield>
    </datafield>
    <datafield tag="246" ind1="1" ind2="3">
      <subfield code="a">Tractatus de logica 1776 scriptus a Francisco Josepho Lahaye hoano in pedagogio Falconensi philosophi[ia] 1777</subfield>
    </datafield>
    <datafield tag="264" ind1=" " ind2="1">
      <subfield code="c">1776-1777</subfield>
    </datafield>
    <datafield tag="300" ind1=" " ind2=" ">
      <subfield code="a">232 f.</subfield>
      <subfield code="b">ill.</subfield>
      <subfield code="c">195 x 165 mm.</subfield>
    </datafield>
    <datafield tag="300" ind1=" " ind2=" ">
      <subfield code="a">Cardboard binding ; half leather binding, spine and corners with brown leather, boards with marbled paper ; gold tooled spine with title &quot;Logica et ethica&quot;</subfield>
    </datafield>
    <datafield tag="336" ind1=" " ind2=" ">
      <subfield code="a">text</subfield>
      <subfield code="2">rdacontent</subfield>
    </datafield>
    <datafield tag="337" ind1=" " ind2=" ">
      <subfield code="a">unmediated</subfield>
      <subfield code="2">rdamedia</subfield>
    </datafield>
    <datafield tag="338" ind1=" " ind2=" ">
      <subfield code="a">volume</subfield>
      <subfield code="2">rdacarrier</subfield>
    </datafield>
    <datafield tag="340" ind1=" " ind2=" ">
      <subfield code="e">Paper</subfield>
    </datafield>
    <datafield tag="351" ind1=" " ind2=" ">
      <subfield code="a">Band in karton ; rug en hoekplatten overtrokken met bruin leder, platten met gemarmerd papier; goud gestempelde rug met titel &quot;Logica et ethica&quot;</subfield>
    </datafield>
    <datafield tag="500" ind1=" " ind2=" ">
      <subfield code="a">Title created by cataloguer</subfield>
    </datafield>
    <datafield tag="500" ind1=" " ind2=" ">
      <subfield code="a">4 colophons</subfield>
    </datafield>
    <datafield tag="500" ind1=" " ind2=" ">
      <subfield code="a">Colophon on f. 53r reads : Finis ethices</subfield>
    </datafield>
    <datafield tag="500" ind1=" " ind2=" ">
      <subfield code="a">Colophon on f. 78r reads : Finis</subfield>
    </datafield>
    <datafield tag="500" ind1=" " ind2=" ">
      <subfield code="a">Colophon on f. 83v reads : 1776 Finis ethices 1777 Lahaye Huensis</subfield>
    </datafield>
    <datafield tag="500" ind1=" " ind2=" ">
      <subfield code="a">Colophon on back pastedown  reads : Finis</subfield>
    </datafield>
    <datafield tag="505" ind1="0" ind2=" ">
      <subfield code="a">Tractatus de ethica</subfield>
      <subfield code="g">f. 1r-83v</subfield>
    </datafield>
    <datafield tag="505" ind1="0" ind2=" ">
      <subfield code="a">* Quaestio praeliminaris de definitione, objecto et divisiones ethices</subfield>
      <subfield code="g">f. 1r-2v</subfield>
    </datafield>
    <datafield tag="505" ind1="0" ind2=" ">
      <subfield code="a">* Ethica generalis De actibus humanis generatim consideraties</subfield>
      <subfield code="g">f. 2v-53r</subfield>
    </datafield>
    <datafield tag="505" ind1="0" ind2=" ">
      <subfield code="a">** Sectio prima De principiis actuum humanorum</subfield>
      <subfield code="g">f. 2v-18v</subfield>
    </datafield>
    <datafield tag="505" ind1="0" ind2=" ">
      <subfield code="a">*** Caput primum De principiis externis actuum humanorum</subfield>
      <subfield code="g">f. 2v-8v</subfield>
    </datafield>
    <datafield tag="505" ind1="0" ind2=" ">
      <subfield code="a">**** Articulus primus De bono generatim</subfield>
      <subfield code="g">f. 3r-3v</subfield>
    </datafield>
    <datafield tag="505" ind1="0" ind2=" ">
      <subfield code="a">**** Articulus secundus De fine</subfield>
      <subfield code="g">f. 3v-6v</subfield>
    </datafield>
    <datafield tag="505" ind1="0" ind2=" ">
      <subfield code="a">**** Articulus tertius De beatitudine</subfield>
      <subfield code="g">f. 6v-8v</subfield>
    </datafield>
    <datafield tag="505" ind1="0" ind2=" ">
      <subfield code="a">*** Caput secundum De principiis internis  actuum humanorum</subfield>
      <subfield code="g">f. 8v-18v</subfield>
    </datafield>
    <datafield tag="505" ind1="0" ind2=" ">
      <subfield code="a">**** Articulus primus De voluntario</subfield>
      <subfield code="g">f. 9r-15v</subfield>
    </datafield>
    <datafield tag="505" ind1="0" ind2=" ">
      <subfield code="a">**** Articulus secundus De libero</subfield>
      <subfield code="g">f. 15v-17r</subfield>
    </datafield>
    <datafield tag="505" ind1="0" ind2=" ">
      <subfield code="a">**** Articulus tertius De objecto libertatis</subfield>
      <subfield code="g">f. 17r-18v</subfield>
    </datafield>
    <datafield tag="505" ind1="0" ind2=" ">
      <subfield code="a">** Sectio secunda De regulis actuum humanorum</subfield>
      <subfield code="g">f. 18v-33v</subfield>
    </datafield>
    <datafield tag="505" ind1="0" ind2=" ">
      <subfield code="a">*** Caput primum De lege</subfield>
      <subfield code="g">f. 18v-30v</subfield>
    </datafield>
    <datafield tag="505" ind1="0" ind2=" ">
      <subfield code="a">**** Articulus primus De lege naturali</subfield>
      <subfield code="g">f. 19r-30v</subfield>
    </datafield>
    <datafield tag="505" ind1="0" ind2=" ">
      <subfield code="a">**** Articulus secundus De lege positiva generatim</subfield>
      <subfield code="g">f. 28r-30v</subfield>
    </datafield>
    <datafield tag="505" ind1="0" ind2=" ">
      <subfield code="a">**** Articulus tertius De lege positva humana</subfield>
      <subfield code="g">f. 30v</subfield>
    </datafield>
    <datafield tag="505" ind1="0" ind2=" ">
      <subfield code="a">*** Caput secundum De conscientia</subfield>
      <subfield code="g">f. 30v-33v</subfield>
    </datafield>
    <datafield tag="505" ind1="0" ind2=" ">
      <subfield code="a">** Sectio tertia De moralitate actuum humanorum</subfield>
      <subfield code="g">f. 33v-37r</subfield>
    </datafield>
    <datafield tag="505" ind1="0" ind2=" ">
      <subfield code="a">** Sectio quarta De habitibus moralibus actuum humanorum</subfield>
      <subfield code="g">f. 37r-41v</subfield>
    </datafield>
    <datafield tag="505" ind1="0" ind2=" ">
      <subfield code="a">*** Articulus primus De virtutibus in genere</subfield>
      <subfield code="g">f. 37v-38r</subfield>
    </datafield>
    <datafield tag="505" ind1="0" ind2=" ">
      <subfield code="a">*** Articulus secundus De virtutibus in specie</subfield>
      <subfield code="g">f. 38r-41v</subfield>
    </datafield>
    <datafield tag="505" ind1="0" ind2=" ">
      <subfield code="a">** Appendix De religione</subfield>
      <subfield code="g">f. 41v-53r</subfield>
    </datafield>
    <datafield tag="505" ind1="0" ind2=" ">
      <subfield code="a">*** Caput  primum De religione generatim</subfield>
      <subfield code="g">f. 42r-45r</subfield>
    </datafield>
    <datafield tag="505" ind1="0" ind2=" ">
      <subfield code="a">*** Caput secundum De religione naturali</subfield>
      <subfield code="g">f. 45r-46v</subfield>
    </datafield>
    <datafield tag="505" ind1="0" ind2=" ">
      <subfield code="a">*** Caput tertium De religone revelata</subfield>
      <subfield code="g">f. 46v-48v</subfield>
    </datafield>
    <datafield tag="505" ind1="0" ind2=" ">
      <subfield code="a">*** Caput quartum De religione christiana</subfield>
      <subfield code="g">f. 48v-53r</subfield>
    </datafield>
    <datafield tag="505" ind1="0" ind2=" ">
      <subfield code="a">* Quaestiones circam ethicam 1776 et 1777</subfield>
      <subfield code="g">f. 55v-69v</subfield>
    </datafield>
    <datafield tag="505" ind1="0" ind2=" ">
      <subfield code="a">** Quaestiones primae seriei datae in classe</subfield>
      <subfield code="g">f. 70r-83v</subfield>
    </datafield>
    <datafield tag="505" ind1="0" ind2=" ">
      <subfield code="a">Tractatus de logica</subfield>
      <subfield code="g">f. 84r-232v</subfield>
    </datafield>
    <datafield tag="505" ind1="0" ind2=" ">
      <subfield code="a">*  Prolegomenon in logicam</subfield>
      <subfield code="g">f. 85r-85v</subfield>
    </datafield>
    <datafield tag="505" ind1="0" ind2=" ">
      <subfield code="a">* Sectio prima De facultate cognoscitiva mentis humanae</subfield>
      <subfield code="g">f. 85v-134v</subfield>
    </datafield>
    <datafield tag="505" ind1="0" ind2=" ">
      <subfield code="a">** Caput primum De perceptionibus earumque objectis</subfield>
      <subfield code="g">f. 86v-88v</subfield>
    </datafield>
    <datafield tag="505" ind1="0" ind2=" ">
      <subfield code="a">** Caput secundum De idearum natura et origine</subfield>
      <subfield code="g">f. 88v-90r</subfield>
    </datafield>
    <datafield tag="505" ind1="0" ind2=" ">
      <subfield code="a">** Caput tertium De formali idearum differentia</subfield>
      <subfield code="g">f. 90r-91v</subfield>
    </datafield>
    <datafield tag="505" ind1="0" ind2=" ">
      <subfield code="a">** Caput quartum De materiali idearum differentia</subfield>
      <subfield code="g">f. 91v-97v</subfield>
    </datafield>
    <datafield tag="505" ind1="0" ind2=" ">
      <subfield code="a">** Caput quintum De idearum signis in genere variisque eorum divisionibus</subfield>
      <subfield code="g">f. 97v-98v</subfield>
    </datafield>
    <datafield tag="505" ind1="0" ind2=" ">
      <subfield code="a">** Caput sextum De vocibus</subfield>
      <subfield code="g">f. 98v-101v</subfield>
    </datafield>
    <datafield tag="505" ind1="0" ind2=" ">
      <subfield code="a">** Caput septimum De vocabulorum usu, abusu hujusque remediis</subfield>
      <subfield code="g">f. 101v-106r</subfield>
    </datafield>
    <datafield tag="505" ind1="0" ind2=" ">
      <subfield code="a">** Caput octavum De definitione</subfield>
      <subfield code="g">f. 106r-110r</subfield>
    </datafield>
    <datafield tag="505" ind1="0" ind2=" ">
      <subfield code="a">** Caput nonum De divisione</subfield>
      <subfield code="g">f. 110r-111r</subfield>
    </datafield>
    <datafield tag="505" ind1="0" ind2=" ">
      <subfield code="a">** Caput decimum</subfield>
      <subfield code="g">f. 111r-114v</subfield>
    </datafield>
    <datafield tag="505" ind1="0" ind2=" ">
      <subfield code="a">** Caput undecimum De enunciatione ejusque specie</subfield>
      <subfield code="g">f. 114v-116v</subfield>
    </datafield>
    <datafield tag="505" ind1="0" ind2=" ">
      <subfield code="a">** Caput duodecimum De diversis enunciationum proprietatibus</subfield>
      <subfield code="g">f. 116v-122v</subfield>
    </datafield>
    <datafield tag="505" ind1="0" ind2=" ">
      <subfield code="a">** Caput tertium decimum De propositionibus complexis</subfield>
      <subfield code="g">f. 122v-123v</subfield>
    </datafield>
    <datafield tag="505" ind1="0" ind2=" ">
      <subfield code="a">** Caput quartum decimum De enunciationibus in methodo scientifica usitatis</subfield>
      <subfield code="g">f. 123v-124v</subfield>
    </datafield>
    <datafield tag="505" ind1="0" ind2=" ">
      <subfield code="a">** Caput quintum decimum De ratiocinatione</subfield>
      <subfield code="g">f. 124v-127r</subfield>
    </datafield>
    <datafield tag="505" ind1="0" ind2=" ">
      <subfield code="a">** Caput sextum decimum De argumentatione et in specie de syllogismo</subfield>
      <subfield code="g">f. 127r-130v</subfield>
    </datafield>
    <datafield tag="505" ind1="0" ind2=" ">
      <subfield code="a">** Caput septimum decimum De syllogismo composito</subfield>
      <subfield code="g">f. 130v-131v</subfield>
    </datafield>
    <datafield tag="505" ind1="0" ind2=" ">
      <subfield code="a">** Caput octavum decimum De reliquis argumentationum speciebus</subfield>
      <subfield code="g">f. 131v-134v</subfield>
    </datafield>
    <datafield tag="505" ind1="0" ind2=" ">
      <subfield code="a">* Sectio secunda De veritate cognoscenda</subfield>
      <subfield code="g">f. 135r-155v</subfield>
    </datafield>
    <datafield tag="505" ind1="0" ind2=" ">
      <subfield code="a">** Caput primum De veritate ac falsitate in genere earumque diversis speciebus</subfield>
      <subfield code="g">f. 135r-136r</subfield>
    </datafield>
    <datafield tag="505" ind1="0" ind2=" ">
      <subfield code="a">** Caput secundum De veritate perceptionum judiciorum ac ratiociniorum</subfield>
      <subfield code="g">f. 136r-144r</subfield>
    </datafield>
    <datafield tag="505" ind1="0" ind2=" ">
      <subfield code="a">** Caput tertium De judiciis veritatis,  certitudine et evidentia</subfield>
      <subfield code="g">f. 144r-146v</subfield>
    </datafield>
    <datafield tag="505" ind1="0" ind2=" ">
      <subfield code="a">** Caput quartum De sensu intimo et sensu naturae communi</subfield>
      <subfield code="g">f. 146v-151r</subfield>
    </datafield>
    <datafield tag="505" ind1="0" ind2=" ">
      <subfield code="a">** Caput quintum De testimonio sensuum externorum</subfield>
      <subfield code="g">f. 151r-154r</subfield>
    </datafield>
    <datafield tag="505" ind1="0" ind2=" ">
      <subfield code="a">** Caput sextum De authoritate</subfield>
      <subfield code="g">f. 154r-155v</subfield>
    </datafield>
    <datafield tag="505" ind1="0" ind2=" ">
      <subfield code="a">* Sectio tertia De cognitione veritatis</subfield>
      <subfield code="g">f. 156r-190r</subfield>
    </datafield>
    <datafield tag="505" ind1="0" ind2=" ">
      <subfield code="a">** Caput primum De scientia diversisque ejus speciebus</subfield>
      <subfield code="g">f. 156r-158r</subfield>
    </datafield>
    <datafield tag="505" ind1="0" ind2=" ">
      <subfield code="a">** Caput secundum De probatione et demonstratione</subfield>
      <subfield code="g">f. 158r-163r</subfield>
    </datafield>
    <datafield tag="505" ind1="0" ind2=" ">
      <subfield code="a">** Caput tertium De probabilitate et opinione</subfield>
      <subfield code="g">f. 163r-171r</subfield>
    </datafield>
    <datafield tag="505" ind1="0" ind2=" ">
      <subfield code="a">** Caput quartum De fide</subfield>
      <subfield code="g">f. 171r-179r</subfield>
    </datafield>
    <datafield tag="505" ind1="0" ind2=" ">
      <subfield code="a">** Caput quintum De interpretatione et lectione librorum</subfield>
      <subfield code="g">f. 179v-182v</subfield>
    </datafield>
    <datafield tag="505" ind1="0" ind2=" ">
      <subfield code="a">** Caput sextum De errore ejusque fontibus</subfield>
      <subfield code="g">f. 182v-186v</subfield>
    </datafield>
    <datafield tag="505" ind1="0" ind2=" ">
      <subfield code="a">** Caput septimum De concertatione litteraria</subfield>
      <subfield code="g">f. 186v-190r</subfield>
    </datafield>
    <datafield tag="505" ind1="0" ind2=" ">
      <subfield code="a">* Quaestiones in logicam</subfield>
      <subfield code="g">f. 194r-232v</subfield>
    </datafield>
    <datafield tag="505" ind1="0" ind2=" ">
      <subfield code="a">* Index</subfield>
      <subfield code="g">f. 232v</subfield>
    </datafield>
    <datafield tag="544" ind1=" " ind2=" ">
      <subfield code="a">Louvain-la-Neuve, Archives de l'Université catholique de Louvain</subfield>
      <subfield code="b">M. C146</subfield>
    </datafield>
    <datafield tag="546" ind1=" " ind2=" ">
      <subfield code="a">Latin</subfield>
    </datafield>
    <datafield tag="653" ind1=" " ind2="6">
      <subfield code="a">Manuscripts</subfield>
    </datafield>
    <datafield tag="653" ind1=" " ind2="6">
      <subfield code="a">Lecture notes</subfield>
    </datafield>
    <datafield tag="700" ind1="1" ind2=" ">
      <subfield code="a">Lahaye, Franciscus Josephus</subfield>
      <subfield code="4">stu</subfield>
    </datafield>
    <datafield tag="830" ind1=" " ind2="0">
      <subfield code="a">Prooemium in Logicam</subfield>
    </datafield>
    <datafield tag="830" ind1=" " ind2="0">
      <subfield code="a">De veritate cognoscenda</subfield>
    </datafield>
    <datafield tag="830" ind1=" " ind2="0">
      <subfield code="a">De facultate cognoscitiva mentis humanae</subfield>
    </datafield>
    <datafield tag="830" ind1=" " ind2="0">
      <subfield code="a">De cognitione veritatis</subfield>
    </datafield>
    <datafield tag="856" ind1="4" ind2="0">
      <subfield code="u">http://resolver.lias.be/get_pid?view&amp;usagetype=VIEW_MAIN,VIEW&amp;pid=3351897</subfield>
      <subfield code="y">Online version in LIAS</subfield>
    </datafield>
    <datafield tag="852" ind1=" " ind2=" ">
      <subfield code="8">22359070730001488</subfield>
      <subfield code="b">BIBC</subfield>
      <subfield code="c">BRES</subfield>
      <subfield code="l">UCL</subfield>
    </datafield>
    <datafield tag="900" ind1=" " ind2=" ">
      <subfield code="a">CONSOLIDATED RECORD</subfield>
    </datafield>
    <datafield tag="950" ind1=" " ind2=" ">
      <subfield code="a">some small</subfield>
      <subfield code="b">pen drawing(s)</subfield>
    </datafield>
    <datafield tag="950" ind1=" " ind2=" ">
      <subfield code="a">f. 193v :</subfield>
      <subfield code="b">pen drawing(s)</subfield>
      <subfield code="c">Tabula oppositarum</subfield>
    </datafield>
    <datafield tag="952" ind1=" " ind2=" ">
      <subfield code="d">Leuven (Louvain)</subfield>
      <subfield code="e">Pedagogie De Valk</subfield>
      <subfield code="0">(ODIS-ORG)35506</subfield>
      <subfield code="f">Faculty of Arts, Paedagogium Falconis</subfield>
    </datafield>
    <datafield tag="953" ind1=" " ind2=" ">
      <subfield code="b">1701-1800</subfield>
    </datafield>
    <datafield tag="996" ind1=" " ind2=" ">
      <subfield code="a">UCL</subfield>
      <subfield code="b">physical</subfield>
      <subfield code="c">201509</subfield>
      <subfield code="d">Lectio Magister dixit</subfield>
    </datafield>
  </record>