
  <record>
    <leader>11529ntm a2202317 u 4500</leader>
    <controlfield tag="001">9992133560601488</controlfield>
    <controlfield tag="005">20151201132715.0</controlfield>
    <controlfield tag="008">150318m16821752xx      |     000 0 lat c</controlfield>
    <datafield tag="035" ind1=" " ind2=" ">
      <subfield code="a">(BeLVLBS)9992178832001471</subfield>
    </datafield>
    <datafield tag="035" ind1=" " ind2=" ">
      <subfield code="a">(EXLNZ-32KUL_LIBIS_NETWORK)9992178832001471</subfield>
    </datafield>
    <datafield tag="245" ind1="0" ind2="0">
      <subfield code="a">Physica. Dialectica</subfield>
    </datafield>
    <datafield tag="246" ind1="1" ind2="3">
      <subfield code="a">Phijsica a francisco yernaux Scripta Louanij Sub Doct: D D Renardi a Raelenne Anno Domini 1683</subfield>
    </datafield>
    <datafield tag="246" ind1="1" ind2="3">
      <subfield code="a">Physica a Francisco Yernaux scripta Lovanij sub Doct[issmimo] D[omino] D[omino] Renardi a Raelenne Anno Domini 1683</subfield>
    </datafield>
    <datafield tag="246" ind1="3" ind2=" ">
      <subfield code="a">Dialectica Dictata a Reverendo Domino Wibert Dialectices professore dignissimo, Eduardus Josephus Alexander Henry Caroloregius anno domini 1752</subfield>
    </datafield>
    <datafield tag="300" ind1=" " ind2=" ">
      <subfield code="a">353 f.</subfield>
      <subfield code="b">ill.</subfield>
      <subfield code="c">210 x 165 mm.</subfield>
    </datafield>
    <datafield tag="300" ind1=" " ind2=" ">
      <subfield code="a">Parchment binding ; restored</subfield>
    </datafield>
    <datafield tag="336" ind1=" " ind2=" ">
      <subfield code="a">text</subfield>
      <subfield code="2">rdacontent</subfield>
    </datafield>
    <datafield tag="337" ind1=" " ind2=" ">
      <subfield code="a">unmediated</subfield>
      <subfield code="2">rdamedia</subfield>
    </datafield>
    <datafield tag="338" ind1=" " ind2=" ">
      <subfield code="a">volume</subfield>
      <subfield code="2">rdacarrier</subfield>
    </datafield>
    <datafield tag="340" ind1=" " ind2=" ">
      <subfield code="e">Paper</subfield>
    </datafield>
    <datafield tag="351" ind1=" " ind2=" ">
      <subfield code="a">Band in perkament ; gerestaureerd</subfield>
    </datafield>
    <datafield tag="500" ind1=" " ind2=" ">
      <subfield code="a">Title created by cataloguer</subfield>
    </datafield>
    <datafield tag="500" ind1=" " ind2=" ">
      <subfield code="a">Note on endpaper at the beginning reads : Sum confratris Henrij</subfield>
    </datafield>
    <datafield tag="500" ind1=" " ind2=" ">
      <subfield code="a">Note on f. 25r reads : monsieur  monsieur Jernaux Yernaux</subfield>
    </datafield>
    <datafield tag="500" ind1=" " ind2=" ">
      <subfield code="a">Note on f. 49r reads : Yernaux</subfield>
    </datafield>
    <datafield tag="500" ind1=" " ind2=" ">
      <subfield code="a">Note on f. 79r reads : Jesus Maria Joseph Yernaux</subfield>
    </datafield>
    <datafield tag="500" ind1=" " ind2=" ">
      <subfield code="a">Note on f. 79v reads : Jesus Maria Joseph 1682 Yernaux</subfield>
    </datafield>
    <datafield tag="500" ind1=" " ind2=" ">
      <subfield code="a">Note on f. 103v reads : a b c d e ...y z &amp;c</subfield>
    </datafield>
    <datafield tag="500" ind1=" " ind2=" ">
      <subfield code="a">Note on f. 105r reads : Ingelbert Yernaux Ingelberts Yernaux</subfield>
    </datafield>
    <datafield tag="500" ind1=" " ind2=" ">
      <subfield code="a">Note on f. 108r reads : Ingelbert Yernaux</subfield>
    </datafield>
    <datafield tag="505" ind1="0" ind2=" ">
      <subfield code="a">Note on f. 110v reads : Ingelbert Yernaux Yernaux</subfield>
    </datafield>
    <datafield tag="505" ind1="0" ind2=" ">
      <subfield code="a">Physica Aristotelis</subfield>
      <subfield code="g">f. 1r-60v</subfield>
    </datafield>
    <datafield tag="505" ind1="0" ind2=" ">
      <subfield code="a">* Quid physica et an sit vera scientia</subfield>
      <subfield code="g">f. 1r-2r</subfield>
    </datafield>
    <datafield tag="505" ind1="0" ind2=" ">
      <subfield code="a">* Tractatus de causis</subfield>
      <subfield code="g">f. 2r-15r</subfield>
    </datafield>
    <datafield tag="505" ind1="0" ind2=" ">
      <subfield code="a">** Caput primum De causa in genere</subfield>
      <subfield code="g">f. 2r-3r</subfield>
    </datafield>
    <datafield tag="505" ind1="0" ind2=" ">
      <subfield code="a">** Caput secundum De causa materiali</subfield>
      <subfield code="g">f. 3r-3v</subfield>
    </datafield>
    <datafield tag="505" ind1="0" ind2=" ">
      <subfield code="a">** Caput tertium  De causa formali</subfield>
      <subfield code="g">f. 3v-4r</subfield>
    </datafield>
    <datafield tag="505" ind1="0" ind2=" ">
      <subfield code="a">** Caput quartum De causa efficiente eius effectu et causalitate</subfield>
      <subfield code="g">f. 4r-12v</subfield>
    </datafield>
    <datafield tag="505" ind1="0" ind2=" ">
      <subfield code="a">** Caput quintum Decausa  finali</subfield>
      <subfield code="g">f. 12v-15r</subfield>
    </datafield>
    <datafield tag="505" ind1="0" ind2=" ">
      <subfield code="a">* Tractatus De corpore naturali</subfield>
      <subfield code="g">f. 15r-21v</subfield>
    </datafield>
    <datafield tag="505" ind1="0" ind2=" ">
      <subfield code="a">**  De principiis physicis</subfield>
      <subfield code="g">f. 17v-21v</subfield>
    </datafield>
    <datafield tag="505" ind1="0" ind2=" ">
      <subfield code="a">* Libri de anima</subfield>
      <subfield code="g">f. 21v-60v</subfield>
    </datafield>
    <datafield tag="505" ind1="0" ind2=" ">
      <subfield code="a">** Liber primus De anima in genere</subfield>
      <subfield code="g">f. 21v-24r</subfield>
    </datafield>
    <datafield tag="505" ind1="0" ind2=" ">
      <subfield code="a">** Liber  secundus De anima vegetativa</subfield>
      <subfield code="g">f. 24r-30v</subfield>
    </datafield>
    <datafield tag="505" ind1="0" ind2=" ">
      <subfield code="a">** Liber tertius De anima sensitiva</subfield>
      <subfield code="g">f. 30v-60v</subfield>
    </datafield>
    <datafield tag="505" ind1="0" ind2=" ">
      <subfield code="a">*** Quid anima sensitiva et quae ipsiss potentiae</subfield>
      <subfield code="g">f. 30v-35r</subfield>
    </datafield>
    <datafield tag="505" ind1="0" ind2=" ">
      <subfield code="a">*** Tractatus de sensibus externis</subfield>
      <subfield code="g">f. 35r-54v</subfield>
    </datafield>
    <datafield tag="505" ind1="0" ind2=" ">
      <subfield code="a">**** De cerebro</subfield>
      <subfield code="g">f. 35r-36r</subfield>
    </datafield>
    <datafield tag="505" ind1="0" ind2=" ">
      <subfield code="a">**** De nervis</subfield>
      <subfield code="g">f. 36r-36v</subfield>
    </datafield>
    <datafield tag="505" ind1="0" ind2=" ">
      <subfield code="a">**** De musculis</subfield>
      <subfield code="g">f. 36v</subfield>
    </datafield>
    <datafield tag="505" ind1="0" ind2=" ">
      <subfield code="a">**** De spiritibus animalibus</subfield>
      <subfield code="g">f. 36v-37r</subfield>
    </datafield>
    <datafield tag="505" ind1="0" ind2=" ">
      <subfield code="a">**** De sensibus externis in genere</subfield>
      <subfield code="g">f. 37r-41r</subfield>
    </datafield>
    <datafield tag="505" ind1="0" ind2=" ">
      <subfield code="a">**** De tactu</subfield>
      <subfield code="g">f. 41r-42r</subfield>
    </datafield>
    <datafield tag="505" ind1="0" ind2=" ">
      <subfield code="a">**** De gustu</subfield>
      <subfield code="g">f. 42r</subfield>
    </datafield>
    <datafield tag="505" ind1="0" ind2=" ">
      <subfield code="a">**** De olfactu</subfield>
      <subfield code="g">f. 42r-42v</subfield>
    </datafield>
    <datafield tag="505" ind1="0" ind2=" ">
      <subfield code="a">**** De auditu eiusque organo</subfield>
      <subfield code="g">f. 42v-44r</subfield>
    </datafield>
    <datafield tag="505" ind1="0" ind2=" ">
      <subfield code="a">**** De visu</subfield>
      <subfield code="g">f. 44r-54v</subfield>
    </datafield>
    <datafield tag="505" ind1="0" ind2=" ">
      <subfield code="a">***  Tractatus de sensu interno</subfield>
      <subfield code="g">f.  54v-56v</subfield>
    </datafield>
    <datafield tag="505" ind1="0" ind2=" ">
      <subfield code="a">*** Tractatus de apperitu sensitivo</subfield>
      <subfield code="g">f. 56v-58r</subfield>
    </datafield>
    <datafield tag="505" ind1="0" ind2=" ">
      <subfield code="a">*** Tractatus de potentia loco motiva</subfield>
      <subfield code="g">f. 58r-59v</subfield>
    </datafield>
    <datafield tag="505" ind1="0" ind2=" ">
      <subfield code="a">*** Tractatus De anima rationali</subfield>
      <subfield code="g">f. 59v-60v</subfield>
    </datafield>
    <datafield tag="505" ind1="0" ind2=" ">
      <subfield code="a">Dialectica</subfield>
      <subfield code="g">f. 61-66r</subfield>
    </datafield>
    <datafield tag="505" ind1="0" ind2=" ">
      <subfield code="a">* Omnibus in rebus sanctus mihi spiritus adsit et regat in genum virgo Maria meum</subfield>
      <subfield code="g">f. 60v</subfield>
    </datafield>
    <datafield tag="505" ind1="0" ind2=" ">
      <subfield code="a">*  Dialectica seu ad philosophiam introductio praefatio</subfield>
      <subfield code="g">f. 61r-61v</subfield>
    </datafield>
    <datafield tag="505" ind1="0" ind2=" ">
      <subfield code="a">* Dialectica pars prima De perceptione</subfield>
      <subfield code="g">f. 61v-66r</subfield>
    </datafield>
    <datafield tag="505" ind1="0" ind2=" ">
      <subfield code="a">** Tractatus primus De terminis</subfield>
      <subfield code="g">f. 61v-66r</subfield>
    </datafield>
    <datafield tag="505" ind1="0" ind2=" ">
      <subfield code="a">** Solita vocum in Dialectica saepius occurrentium abbreviationes</subfield>
      <subfield code="g">f. 110v-111r</subfield>
    </datafield>
    <datafield tag="505" ind1="0" ind2=" ">
      <subfield code="a">Partis physicae pomeridiane</subfield>
      <subfield code="g">f. 71v-110v</subfield>
    </datafield>
    <datafield tag="505" ind1="0" ind2=" ">
      <subfield code="a">* Tractatus primus De motu et requisitis ad modum</subfield>
      <subfield code="g">f. 71v-86v</subfield>
    </datafield>
    <datafield tag="505" ind1="0" ind2=" ">
      <subfield code="a">** De variis divisionibus motus</subfield>
      <subfield code="g">f. 72r-72v</subfield>
    </datafield>
    <datafield tag="505" ind1="0" ind2=" ">
      <subfield code="a">** De loco et motu locali</subfield>
      <subfield code="g">f. 72v-75v</subfield>
    </datafield>
    <datafield tag="505" ind1="0" ind2=" ">
      <subfield code="a">** De regulis motus localis</subfield>
      <subfield code="g">f. 75v-78r</subfield>
    </datafield>
    <datafield tag="505" ind1="0" ind2=" ">
      <subfield code="a">** De instrumentis facilitantibus elevationem ponderis</subfield>
      <subfield code="g">f. 78r</subfield>
    </datafield>
    <datafield tag="505" ind1="0" ind2=" ">
      <subfield code="a">** De vecte trochlea et plano inclinato</subfield>
      <subfield code="g">f. 78r-81v</subfield>
    </datafield>
    <datafield tag="505" ind1="0" ind2=" ">
      <subfield code="a">** De efficacia percussionis resistentia  in corpore frangenda et motu composito</subfield>
      <subfield code="g">f. 81v-82r</subfield>
    </datafield>
    <datafield tag="505" ind1="0" ind2=" ">
      <subfield code="a">** De penetratione et replicatione</subfield>
      <subfield code="g">f. 82r-82v</subfield>
    </datafield>
    <datafield tag="505" ind1="0" ind2=" ">
      <subfield code="a">** De rarefactione et condensatione</subfield>
      <subfield code="g">f. 82v-83v</subfield>
    </datafield>
    <datafield tag="505" ind1="0" ind2=" ">
      <subfield code="a">** De vacuo circulo corporum gravitate et elaterio aeris</subfield>
      <subfield code="g">f. 83v-86r</subfield>
    </datafield>
    <datafield tag="505" ind1="0" ind2=" ">
      <subfield code="a">** De quiete</subfield>
      <subfield code="g">f. 86r-86v</subfield>
    </datafield>
    <datafield tag="505" ind1="0" ind2=" ">
      <subfield code="a">* Tractatus secundus De motu</subfield>
      <subfield code="g">f. 86v-88v</subfield>
    </datafield>
    <datafield tag="505" ind1="0" ind2=" ">
      <subfield code="a">** De alteratione</subfield>
      <subfield code="g">f. 86v-87r</subfield>
    </datafield>
    <datafield tag="505" ind1="0" ind2=" ">
      <subfield code="a">** De sphera activitatis antiperistasi et quibusdam anexis</subfield>
      <subfield code="g">f. 87r-87v</subfield>
    </datafield>
    <datafield tag="505" ind1="0" ind2=" ">
      <subfield code="a">** De antiperistasi</subfield>
      <subfield code="g">f. 87v</subfield>
    </datafield>
    <datafield tag="505" ind1="0" ind2=" ">
      <subfield code="a">** De generatione corruptione et convertione</subfield>
      <subfield code="g">f. 87v-88r</subfield>
    </datafield>
    <datafield tag="505" ind1="0" ind2=" ">
      <subfield code="a">** De mixtione et temperamento</subfield>
      <subfield code="g">f. 88r-88v</subfield>
    </datafield>
    <datafield tag="505" ind1="0" ind2=" ">
      <subfield code="a">* Tractatus  de sphera</subfield>
      <subfield code="g">f. 88v-99r</subfield>
    </datafield>
    <datafield tag="505" ind1="0" ind2=" ">
      <subfield code="a">* Tractatus  de coelis</subfield>
      <subfield code="g">f. 99r-110v</subfield>
    </datafield>
    <datafield tag="505" ind1="0" ind2=" ">
      <subfield code="a">Physica Aristotelis</subfield>
      <subfield code="g">f. 119r-248r</subfield>
    </datafield>
    <datafield tag="505" ind1="0" ind2=" ">
      <subfield code="a">* Tractatus de causis</subfield>
      <subfield code="g">f. 120v-142v</subfield>
    </datafield>
    <datafield tag="505" ind1="0" ind2=" ">
      <subfield code="a">**  De causalitate</subfield>
      <subfield code="g">f. 121r-121v</subfield>
    </datafield>
    <datafield tag="505" ind1="0" ind2=" ">
      <subfield code="a">** De causa materiali</subfield>
      <subfield code="g">f. 121v-123r</subfield>
    </datafield>
    <datafield tag="505" ind1="0" ind2=" ">
      <subfield code="a">** De causa formali</subfield>
      <subfield code="g">f. 123r-125r</subfield>
    </datafield>
    <datafield tag="505" ind1="0" ind2=" ">
      <subfield code="a">** De causa efficiente</subfield>
      <subfield code="g">f. 125r-136r</subfield>
    </datafield>
    <datafield tag="505" ind1="0" ind2=" ">
      <subfield code="a">** De causa finali</subfield>
      <subfield code="g">f. 136r-142v</subfield>
    </datafield>
    <datafield tag="505" ind1="0" ind2=" ">
      <subfield code="a">* Tractatus de corpore naturali</subfield>
      <subfield code="g">f. 142v-149r</subfield>
    </datafield>
    <datafield tag="505" ind1="0" ind2=" ">
      <subfield code="a">**  De principiis physicis</subfield>
      <subfield code="g">f. 145r-149r</subfield>
    </datafield>
    <datafield tag="505" ind1="0" ind2=" ">
      <subfield code="a">* Libri de anima</subfield>
      <subfield code="g">f. 149r-248r</subfield>
    </datafield>
    <datafield tag="505" ind1="0" ind2=" ">
      <subfield code="a">** [Liber primus De anima in genere]</subfield>
      <subfield code="g">f. 149r-150v</subfield>
    </datafield>
    <datafield tag="505" ind1="0" ind2=" ">
      <subfield code="a">** Liber  secundus De anima vegetativa</subfield>
      <subfield code="g">f. 149v-173v</subfield>
    </datafield>
    <datafield tag="505" ind1="0" ind2=" ">
      <subfield code="a">*** De nutritione</subfield>
      <subfield code="g">f. 151v-166r</subfield>
    </datafield>
    <datafield tag="505" ind1="0" ind2=" ">
      <subfield code="a">*** De accretione et decretione</subfield>
      <subfield code="g">f. 166r-167v</subfield>
    </datafield>
    <datafield tag="505" ind1="0" ind2=" ">
      <subfield code="a">*** De generatione vitali</subfield>
      <subfield code="g">f. 167v-168r</subfield>
    </datafield>
    <datafield tag="505" ind1="0" ind2=" ">
      <subfield code="a">***  De fame et siti</subfield>
      <subfield code="g">f. 168v-169v</subfield>
    </datafield>
    <datafield tag="505" ind1="0" ind2=" ">
      <subfield code="a">*** De sanitate et morbo</subfield>
      <subfield code="g">f.169v-170r</subfield>
    </datafield>
    <datafield tag="505" ind1="0" ind2=" ">
      <subfield code="a">*** De vita et morte</subfield>
      <subfield code="g">f. 170r-171r</subfield>
    </datafield>
    <datafield tag="505" ind1="0" ind2=" ">
      <subfield code="a">*** Appendix ad librum De anima vegetativa</subfield>
      <subfield code="g">f. 171r-173v</subfield>
    </datafield>
    <datafield tag="505" ind1="0" ind2=" ">
      <subfield code="a">** Liber tertius De anima sensitiva</subfield>
      <subfield code="g">f. 173v-248r</subfield>
    </datafield>
    <datafield tag="505" ind1="0" ind2=" ">
      <subfield code="a">*** De cerebro</subfield>
      <subfield code="g">f. 175v-176r</subfield>
    </datafield>
    <datafield tag="505" ind1="0" ind2=" ">
      <subfield code="a">*** De nervis</subfield>
      <subfield code="g">f. 176r-176v</subfield>
    </datafield>
    <datafield tag="505" ind1="0" ind2=" ">
      <subfield code="a">*** De musculis</subfield>
      <subfield code="g">f. 176v-177r</subfield>
    </datafield>
    <datafield tag="505" ind1="0" ind2=" ">
      <subfield code="a">*** De spiritibus animalibus</subfield>
      <subfield code="g">f. 177r-177v</subfield>
    </datafield>
    <datafield tag="505" ind1="0" ind2=" ">
      <subfield code="a">*** De sensibus externis in genere</subfield>
      <subfield code="g">f. 177v-180v</subfield>
    </datafield>
    <datafield tag="505" ind1="0" ind2=" ">
      <subfield code="a">*** De sensibili</subfield>
      <subfield code="g">f. 180v-183r</subfield>
    </datafield>
    <datafield tag="505" ind1="0" ind2=" ">
      <subfield code="a">*** De tactu</subfield>
      <subfield code="g">f. 183r-184r</subfield>
    </datafield>
    <datafield tag="505" ind1="0" ind2=" ">
      <subfield code="a">*** De gustu</subfield>
      <subfield code="g">f. 184r-185r</subfield>
    </datafield>
    <datafield tag="505" ind1="0" ind2=" ">
      <subfield code="a">*** De odoratu</subfield>
      <subfield code="g">f. 185r-186r</subfield>
    </datafield>
    <datafield tag="505" ind1="0" ind2=" ">
      <subfield code="a">*** De auditu</subfield>
      <subfield code="g">f. 186r-190v</subfield>
    </datafield>
    <datafield tag="505" ind1="0" ind2=" ">
      <subfield code="a">*** Divisionibus soni</subfield>
      <subfield code="g">f. 190v-192r</subfield>
    </datafield>
    <datafield tag="505" ind1="0" ind2=" ">
      <subfield code="a">*** De visu</subfield>
      <subfield code="g">f. 192r-233r</subfield>
    </datafield>
    <datafield tag="505" ind1="0" ind2=" ">
      <subfield code="a">***  Tractatus de sensu interno</subfield>
      <subfield code="g">f.  233r-238v</subfield>
    </datafield>
    <datafield tag="505" ind1="0" ind2=" ">
      <subfield code="a">*** De appetitu sensitivo</subfield>
      <subfield code="g">f. 238v-240r</subfield>
    </datafield>
    <datafield tag="505" ind1="0" ind2=" ">
      <subfield code="a">*** De passionibus animae</subfield>
      <subfield code="g">f. 240r-245r</subfield>
    </datafield>
    <datafield tag="505" ind1="0" ind2=" ">
      <subfield code="a">*** De potentia loco motiva</subfield>
      <subfield code="g">f. 245r-248r</subfield>
    </datafield>
    <datafield tag="505" ind1="0" ind2=" ">
      <subfield code="a">Partis physciae pomeridianae</subfield>
      <subfield code="g">f. 252r-353r</subfield>
    </datafield>
    <datafield tag="505" ind1="0" ind2=" ">
      <subfield code="a">* Tractatus primus [De motu et requisitis ad motum]</subfield>
      <subfield code="g">f. 252r-288v</subfield>
    </datafield>
    <datafield tag="505" ind1="0" ind2=" ">
      <subfield code="a">** Caput primum  De motu et eius divisionibus</subfield>
      <subfield code="g">f. 252r-254r</subfield>
    </datafield>
    <datafield tag="505" ind1="0" ind2=" ">
      <subfield code="a">** Caput secundum De loco et motu locali</subfield>
      <subfield code="g">f. 254r-257r</subfield>
    </datafield>
    <datafield tag="505" ind1="0" ind2=" ">
      <subfield code="a">** Caput tertium De regulis motus localis</subfield>
      <subfield code="g">f. 257r-267r</subfield>
    </datafield>
    <datafield tag="505" ind1="0" ind2=" ">
      <subfield code="a">** Caput  De instrumentis facilitantibus elevationem ponderis</subfield>
      <subfield code="g">f. 267r-272v</subfield>
    </datafield>
    <datafield tag="505" ind1="0" ind2=" ">
      <subfield code="a">** Caput quartum De intentione remissione et statu motus</subfield>
      <subfield code="g">f. 273r</subfield>
    </datafield>
    <datafield tag="505" ind1="0" ind2=" ">
      <subfield code="a">** Caput quintum De efficacia percussionis resistentia  in corpore frangenda et motu composito</subfield>
      <subfield code="g">f. 273v-275v</subfield>
    </datafield>
    <datafield tag="505" ind1="0" ind2=" ">
      <subfield code="a">** Caput sextum De penetratione et replicatione</subfield>
      <subfield code="g">f. 275v-277v</subfield>
    </datafield>
    <datafield tag="505" ind1="0" ind2=" ">
      <subfield code="a">** Caput septimum De rarefactione et condensatione</subfield>
      <subfield code="g">f. 277v-278v</subfield>
    </datafield>
    <datafield tag="505" ind1="0" ind2=" ">
      <subfield code="a">** Caput octavum  De vacuo circulo corporum gravitate et elaterio aeris</subfield>
      <subfield code="g">f. 279r-282r</subfield>
    </datafield>
    <datafield tag="505" ind1="0" ind2=" ">
      <subfield code="a">** Appendices</subfield>
      <subfield code="g">f. 282r-287v</subfield>
    </datafield>
    <datafield tag="505" ind1="0" ind2=" ">
      <subfield code="a">** De quiete</subfield>
      <subfield code="g">f. 287v-288v</subfield>
    </datafield>
    <datafield tag="505" ind1="0" ind2=" ">
      <subfield code="a">* Tractatus secundus  De motu</subfield>
      <subfield code="g">f. 288v-298v</subfield>
    </datafield>
    <datafield tag="505" ind1="0" ind2=" ">
      <subfield code="a">** Caput primum De Alteratione</subfield>
      <subfield code="g">f. 288v-289v</subfield>
    </datafield>
    <datafield tag="505" ind1="0" ind2=" ">
      <subfield code="a">** Caput secundum De tribus famosis actiomatibus</subfield>
      <subfield code="g">f. 289v-292r</subfield>
    </datafield>
    <datafield tag="505" ind1="0" ind2=" ">
      <subfield code="a">** Caput tertium De sphera activitatis</subfield>
      <subfield code="g">f. 292r-293r</subfield>
    </datafield>
    <datafield tag="505" ind1="0" ind2=" ">
      <subfield code="a">** Caput quartum De aniperistasi</subfield>
      <subfield code="g">f. 293r-294v</subfield>
    </datafield>
    <datafield tag="505" ind1="0" ind2=" ">
      <subfield code="a">** Caput quintum De generatione corruptione et convertione</subfield>
      <subfield code="g">f. 294v-297r</subfield>
    </datafield>
    <datafield tag="505" ind1="0" ind2=" ">
      <subfield code="a">** Caput ultimum De mixtione et termperamento</subfield>
      <subfield code="g">f. 297v-298v</subfield>
    </datafield>
    <datafield tag="505" ind1="0" ind2=" ">
      <subfield code="a">* Tractatus De sphera</subfield>
      <subfield code="g">f. 298v-326v</subfield>
    </datafield>
    <datafield tag="505" ind1="0" ind2=" ">
      <subfield code="a">** Caput primum De sphera generatim</subfield>
      <subfield code="g">f. 298v-303r</subfield>
    </datafield>
    <datafield tag="505" ind1="0" ind2=" ">
      <subfield code="a">** Caput secundum De circulis spherae</subfield>
      <subfield code="g">f. 303r-311v</subfield>
    </datafield>
    <datafield tag="505" ind1="0" ind2=" ">
      <subfield code="a">** Caput tertium De sphera elementari zonis et climatibus</subfield>
      <subfield code="g">f. 311v-313v</subfield>
    </datafield>
    <datafield tag="505" ind1="0" ind2=" ">
      <subfield code="a">** Caput quartum De die et anno</subfield>
      <subfield code="g">f. 313v-315r</subfield>
    </datafield>
    <datafield tag="505" ind1="0" ind2=" ">
      <subfield code="a">** Caput quintum De proprietatibus diversorum habitatorum</subfield>
      <subfield code="g">f. 315r-317r</subfield>
    </datafield>
    <datafield tag="505" ind1="0" ind2=" ">
      <subfield code="a">** Caput sextum De antipodibus anthiecis et periecis</subfield>
      <subfield code="g">f. 317r-320v</subfield>
    </datafield>
    <datafield tag="505" ind1="0" ind2=" ">
      <subfield code="a">** Caput septimum De systematibus munidi</subfield>
      <subfield code="g">f. 320v-326v</subfield>
    </datafield>
    <datafield tag="505" ind1="0" ind2=" ">
      <subfield code="a">* Tractatus de coelis</subfield>
      <subfield code="g">f. 326v-353r</subfield>
    </datafield>
    <datafield tag="505" ind1="0" ind2=" ">
      <subfield code="a">** Caput primum De coelo generatim</subfield>
      <subfield code="g">f. 326v-327r</subfield>
    </datafield>
    <datafield tag="505" ind1="0" ind2=" ">
      <subfield code="a">** Caput secundum De stellis</subfield>
      <subfield code="g">f. 327r-328v</subfield>
    </datafield>
    <datafield tag="505" ind1="0" ind2=" ">
      <subfield code="a">** Caput tertium De umbra</subfield>
      <subfield code="g">f. 328v-332v</subfield>
    </datafield>
    <datafield tag="505" ind1="0" ind2=" ">
      <subfield code="a">** Caput quartum De mutationibus lunae</subfield>
      <subfield code="g">f. 332v-340v</subfield>
    </datafield>
    <datafield tag="505" ind1="0" ind2=" ">
      <subfield code="a">** Caput quintum De dracone et eius partibus</subfield>
      <subfield code="g">f. 340v-341v</subfield>
    </datafield>
    <datafield tag="505" ind1="0" ind2=" ">
      <subfield code="a">** Caput sextum De eclipsi generatim eiusque divisionibus</subfield>
      <subfield code="g">f. 341v-350r</subfield>
    </datafield>
    <datafield tag="505" ind1="0" ind2=" ">
      <subfield code="a">** Caput septimum De frequentia eclypsium solis et lunae</subfield>
      <subfield code="g">f. 350r-353r</subfield>
    </datafield>
    <datafield tag="544" ind1=" " ind2=" ">
      <subfield code="a">Louvain-la-Neuve, Archives de l'Université catholique de Louvain</subfield>
      <subfield code="b">Ms. C3</subfield>
    </datafield>
    <datafield tag="546" ind1=" " ind2=" ">
      <subfield code="a">Latin</subfield>
    </datafield>
    <datafield tag="653" ind1=" " ind2="6">
      <subfield code="a">Manuscripts</subfield>
    </datafield>
    <datafield tag="653" ind1=" " ind2="6">
      <subfield code="a">Lecture notes</subfield>
    </datafield>
    <datafield tag="700" ind1="1" ind2=" ">
      <subfield code="a">Renardi, Guilielmus</subfield>
      <subfield code="4">pfs</subfield>
      <subfield code="3">professor primarius</subfield>
    </datafield>
    <datafield tag="700" ind1="1" ind2=" ">
      <subfield code="a">Raellen, Hubertus</subfield>
      <subfield code="4">pfs</subfield>
      <subfield code="3">professor secundarius</subfield>
    </datafield>
    <datafield tag="700" ind1="1" ind2=" ">
      <subfield code="a">Wibert</subfield>
      <subfield code="4">pfs</subfield>
      <subfield code="3">professor secundarius</subfield>
    </datafield>
    <datafield tag="700" ind1="1" ind2=" ">
      <subfield code="a">Yernaux, Franciscus</subfield>
      <subfield code="4">stu</subfield>
    </datafield>
    <datafield tag="700" ind1="1" ind2=" ">
      <subfield code="a">Yernaux, Ingelbertus</subfield>
      <subfield code="4">stu</subfield>
    </datafield>
    <datafield tag="700" ind1="1" ind2=" ">
      <subfield code="a">Henry, Eduardus Josephus Alexander</subfield>
      <subfield code="4">stu</subfield>
    </datafield>
    <datafield tag="830" ind1=" " ind2="0">
      <subfield code="a">Prooemium in physicam</subfield>
    </datafield>
    <datafield tag="830" ind1=" " ind2="0">
      <subfield code="a">Prooemium in logicam</subfield>
    </datafield>
    <datafield tag="830" ind1=" " ind2="0">
      <subfield code="a">De terminis</subfield>
    </datafield>
    <datafield tag="830" ind1=" " ind2="0">
      <subfield code="a">De sphaera</subfield>
    </datafield>
    <datafield tag="830" ind1=" " ind2="0">
      <subfield code="a">De perceptione</subfield>
    </datafield>
    <datafield tag="830" ind1=" " ind2="0">
      <subfield code="a">De motu</subfield>
    </datafield>
    <datafield tag="830" ind1=" " ind2="0">
      <subfield code="a">De corpore naturali</subfield>
    </datafield>
    <datafield tag="830" ind1=" " ind2="0">
      <subfield code="a">De causis</subfield>
    </datafield>
    <datafield tag="830" ind1=" " ind2="0">
      <subfield code="a">De caelo</subfield>
    </datafield>
    <datafield tag="830" ind1=" " ind2="0">
      <subfield code="a">De anima</subfield>
    </datafield>
    <datafield tag="856" ind1="4" ind2="0">
      <subfield code="u">http://resolver.lias.be/get_pid?view&amp;usagetype=VIEW_MAIN,VIEW&amp;pid=3167168</subfield>
      <subfield code="y">Online version in LIAS</subfield>
    </datafield>
    <datafield tag="852" ind1=" " ind2=" ">
      <subfield code="8">22358543270001488</subfield>
      <subfield code="b">BIBC</subfield>
      <subfield code="c">BRES</subfield>
      <subfield code="l">UCL</subfield>
    </datafield>
    <datafield tag="900" ind1=" " ind2=" ">
      <subfield code="a">CONSOLIDATED RECORD</subfield>
    </datafield>
    <datafield tag="950" ind1=" " ind2=" ">
      <subfield code="a">1</subfield>
      <subfield code="b">engraved titlepage</subfield>
      <subfield code="c">Porcvs alit doctos (Arnold.Loemans fecit.Franciscus Wijckmans exc.)</subfield>
    </datafield>
    <datafield tag="950" ind1=" " ind2=" ">
      <subfield code="a">many small</subfield>
      <subfield code="b">pen drawing(s)</subfield>
    </datafield>
    <datafield tag="950" ind1=" " ind2=" ">
      <subfield code="a">f. 197r :</subfield>
      <subfield code="b">pen drawing(s)</subfield>
      <subfield code="c">Figura primatis</subfield>
    </datafield>
    <datafield tag="950" ind1=" " ind2=" ">
      <subfield code="a">f. 209v  :</subfield>
      <subfield code="b">pen drawing(s)</subfield>
      <subfield code="c">Oculi humani sectio per axem</subfield>
    </datafield>
    <datafield tag="950" ind1=" " ind2=" ">
      <subfield code="a">f.  322r :</subfield>
      <subfield code="b">pen drawing(s)</subfield>
      <subfield code="c">Excentrici et epicycli</subfield>
    </datafield>
    <datafield tag="950" ind1=" " ind2=" ">
      <subfield code="a">f.  323v :</subfield>
      <subfield code="b">pen drawing(s)</subfield>
      <subfield code="c">SysthemaTichonis</subfield>
    </datafield>
    <datafield tag="950" ind1=" " ind2=" ">
      <subfield code="a">f. 324r  :</subfield>
      <subfield code="b">pen drawing(s)</subfield>
      <subfield code="c">Paralax</subfield>
    </datafield>
    <datafield tag="950" ind1=" " ind2=" ">
      <subfield code="a">f. 325r  :</subfield>
      <subfield code="b">pen drawing(s)</subfield>
      <subfield code="c">De systhemate Copernici</subfield>
    </datafield>
    <datafield tag="950" ind1=" " ind2=" ">
      <subfield code="a">f.  329r :</subfield>
      <subfield code="b">pen drawing(s)</subfield>
      <subfield code="c">Vmbra columnalis, vmbra piramidalis, vmbra anti piramidalis</subfield>
    </datafield>
    <datafield tag="950" ind1=" " ind2=" ">
      <subfield code="a">f. 343v :</subfield>
      <subfield code="b">pen drawing(s)</subfield>
      <subfield code="c">Eclipsis lunæ</subfield>
    </datafield>
    <datafield tag="950" ind1=" " ind2=" ">
      <subfield code="a">f. 346r :</subfield>
      <subfield code="b">pen drawing(s)</subfield>
      <subfield code="c">Umbra atmosphæræ terrestris eclipsam lunam</subfield>
    </datafield>
    <datafield tag="950" ind1=" " ind2=" ">
      <subfield code="a">f. 347r :</subfield>
      <subfield code="b">pen drawing(s)</subfield>
      <subfield code="c">Eclipsis solis</subfield>
    </datafield>
    <datafield tag="952" ind1=" " ind2=" ">
      <subfield code="d">Leuven (Louvain)</subfield>
      <subfield code="e">Pedagogie Het Varken</subfield>
      <subfield code="0">(ODIS-ORG)35504</subfield>
      <subfield code="f">Faculty of Arts, Paedagogium Porci</subfield>
    </datafield>
    <datafield tag="953" ind1=" " ind2=" ">
      <subfield code="b">1601-1700</subfield>
    </datafield>
    <datafield tag="953" ind1=" " ind2=" ">
      <subfield code="b">1701-1800</subfield>
    </datafield>
    <datafield tag="996" ind1=" " ind2=" ">
      <subfield code="a">UCL</subfield>
      <subfield code="b">physical</subfield>
      <subfield code="c">201509</subfield>
      <subfield code="d">Lectio Magister dixit</subfield>
    </datafield>
  </record>