
  <record>
    <leader>05873ntm a2200961 u 4500</leader>
    <controlfield tag="001">9992136105801488</controlfield>
    <controlfield tag="005">20151202162554.0</controlfield>
    <controlfield tag="008">150403s1765    xx      |     000 0 lat c</controlfield>
    <datafield tag="035" ind1=" " ind2=" ">
      <subfield code="a">(BeLVLBS)9992182263801471</subfield>
    </datafield>
    <datafield tag="035" ind1=" " ind2=" ">
      <subfield code="a">(EXLNZ-32KUL_LIBIS_NETWORK)9992182263801471</subfield>
    </datafield>
    <datafield tag="245" ind1="0" ind2="0">
      <subfield code="a">Logica</subfield>
    </datafield>
    <datafield tag="246" ind1="1" ind2="3">
      <subfield code="a">Logices pars prima seu Logica Rationalis Dictata a Reverendo erudissimo doctissimoq Domino D. Gerardo Deckers Kevelariensi Sacræ Theologiæ Licentiato, Collegii Sanctæ annæ præside Clarissime, in florentissimo pedagogio porci professore jmario. Scripta vo a me joe Huleu gerardimontensi 1765</subfield>
    </datafield>
    <datafield tag="246" ind1="1" ind2="3">
      <subfield code="a">Logices pars prima seu Logica rationalis dictata a reverendo erudissimo doctissimoque Domino D[omino] Gerardo Deckers Kevelariensi Sacrae Theologiae Licentiato, Collegii Sanctae Annae praeside Clarissime, in florentissimo pedagogio Porci professore [pri]mario. Scripta v[er]o a me Jo[ann]e Huleu Gerardimontensi 1765</subfield>
    </datafield>
    <datafield tag="246" ind1="1" ind2="3">
      <subfield code="a">Logices pars secunda seu Logica Sermocinalis Dictata a Venerando doctissimoque domino domino Petro Wuijts ex tongerloo. Sacræ Theologiæ licentiato, venerandæ facultatis Lovaniensis tunc temporis decano in florentissimo pedagogio porci philosophiæ professore secundario Scripta vero a me joe huleu gerardimontensi 1765</subfield>
    </datafield>
    <datafield tag="246" ind1="1" ind2="3">
      <subfield code="a">Logices pars secunda seu Logica sermocinalis dictata a venerando doctissimoque Domino Domino Petro Wuyts ex Tongerloo, Sacrae Theologiae licentiato, venerandae Facultatis Lovaniensis tunc temporis decano in florentissimo pedagogio Porci philosophiae professore secundario. Scripta vero a me Jo[ann]e Huleu Gerardimontensi 1765</subfield>
    </datafield>
    <datafield tag="264" ind1=" " ind2="1">
      <subfield code="c">1765</subfield>
    </datafield>
    <datafield tag="300" ind1=" " ind2=" ">
      <subfield code="a">231 f.</subfield>
      <subfield code="c">210 x 165  mm.</subfield>
    </datafield>
    <datafield tag="300" ind1=" " ind2=" ">
      <subfield code="a">Cardboard binding ; half leather binding, spine and fore edges with brown leather, boards with marbled paper ; restored</subfield>
    </datafield>
    <datafield tag="336" ind1=" " ind2=" ">
      <subfield code="a">text</subfield>
      <subfield code="2">rdacontent</subfield>
    </datafield>
    <datafield tag="337" ind1=" " ind2=" ">
      <subfield code="a">unmediated</subfield>
      <subfield code="2">rdamedia</subfield>
    </datafield>
    <datafield tag="338" ind1=" " ind2=" ">
      <subfield code="a">volume</subfield>
      <subfield code="2">rdacarrier</subfield>
    </datafield>
    <datafield tag="340" ind1=" " ind2=" ">
      <subfield code="e">Paper</subfield>
    </datafield>
    <datafield tag="351" ind1=" " ind2=" ">
      <subfield code="a">Band in karton ; rug en zijsnedes overtrokken met bruin leder, platten met gemarmerd papier ; gerestaureerd</subfield>
    </datafield>
    <datafield tag="500" ind1=" " ind2=" ">
      <subfield code="a">Title created by cataloguer</subfield>
    </datafield>
    <datafield tag="500" ind1=" " ind2=" ">
      <subfield code="a">2 colophons</subfield>
    </datafield>
    <datafield tag="500" ind1=" " ind2=" ">
      <subfield code="a">Colophon on f. 106r reads : Finis Omnium Datus hac jma [= prima] martii 1765</subfield>
    </datafield>
    <datafield tag="500" ind1=" " ind2=" ">
      <subfield code="a">Colophon on f. 201r reads : Finis omnium Datus hac 14ta martii anni 1765</subfield>
    </datafield>
    <datafield tag="500" ind1=" " ind2=" ">
      <subfield code="a">Note on f. 50v reads  : 18 april 1772</subfield>
    </datafield>
    <datafield tag="500" ind1=" " ind2=" ">
      <subfield code="a">Notes on f. 51r reads : 1772 Jan Meldert / 1772</subfield>
    </datafield>
    <datafield tag="500" ind1=" " ind2=" ">
      <subfield code="a">Notes on endpaper and backcover pastdown</subfield>
    </datafield>
    <datafield tag="505" ind1="0" ind2=" ">
      <subfield code="a">Logices pars prima seu Logica rationalis</subfield>
      <subfield code="g">f. 1r-106r</subfield>
    </datafield>
    <datafield tag="505" ind1="0" ind2=" ">
      <subfield code="a">* Praefatio in universam philosophiam</subfield>
      <subfield code="g">f. 2r-4r</subfield>
    </datafield>
    <datafield tag="505" ind1="0" ind2=" ">
      <subfield code="a">* Tractatus primus De prima mentis operatione</subfield>
      <subfield code="g">f. 4v-30r</subfield>
    </datafield>
    <datafield tag="505" ind1="0" ind2=" ">
      <subfield code="a">** Paragraphus primus De idearum natura</subfield>
      <subfield code="g">f. 4v-12v</subfield>
    </datafield>
    <datafield tag="505" ind1="0" ind2=" ">
      <subfield code="a">** Paragraphus secundus De variis idearum divisionibus</subfield>
      <subfield code="g">f. 13r-17r</subfield>
    </datafield>
    <datafield tag="505" ind1="0" ind2=" ">
      <subfield code="a">** Paragraphus tertius De ideis ratione modi representendi consideratis</subfield>
      <subfield code="g">f. 17r-20v</subfield>
    </datafield>
    <datafield tag="505" ind1="0" ind2=" ">
      <subfield code="a">** Paragraphus quartus De categoris seu praedicamentis</subfield>
      <subfield code="g">f. 20v-24v</subfield>
    </datafield>
    <datafield tag="505" ind1="0" ind2=" ">
      <subfield code="a">** Paragraphus quintus De accidentibus</subfield>
      <subfield code="g">f. 24v-30r</subfield>
    </datafield>
    <datafield tag="505" ind1="0" ind2=" ">
      <subfield code="a">* Tractatus secundus De secunda mentis operatione</subfield>
      <subfield code="g">f. 30r-66v</subfield>
    </datafield>
    <datafield tag="505" ind1="0" ind2=" ">
      <subfield code="a">** Caput primum De judicio secundum se et ejus motivo</subfield>
      <subfield code="g">f. 30r-62v</subfield>
    </datafield>
    <datafield tag="505" ind1="0" ind2=" ">
      <subfield code="a">** Caput secundum De erronibus in judiciis posteris</subfield>
      <subfield code="g">f. 62v-66v</subfield>
    </datafield>
    <datafield tag="505" ind1="0" ind2=" ">
      <subfield code="a">* Tractatus tertius De teria mentis operatione seu discursu</subfield>
      <subfield code="g">f. 67r-103r</subfield>
    </datafield>
    <datafield tag="505" ind1="0" ind2=" ">
      <subfield code="a">** [Caput primum]</subfield>
      <subfield code="g">f. 67r-81v</subfield>
    </datafield>
    <datafield tag="505" ind1="0" ind2=" ">
      <subfield code="a">** Caput secundum De sylogismis et regulis eorum</subfield>
      <subfield code="g">f. 82r-103r</subfield>
    </datafield>
    <datafield tag="505" ind1="0" ind2=" ">
      <subfield code="a">* [Tractatus quartus] De methodo</subfield>
      <subfield code="g">f. 103v-106r</subfield>
    </datafield>
    <datafield tag="505" ind1="0" ind2=" ">
      <subfield code="a">** De methodo analitica</subfield>
      <subfield code="g">f. 103v-105r</subfield>
    </datafield>
    <datafield tag="505" ind1="0" ind2=" ">
      <subfield code="a">** De methodo synthetica</subfield>
      <subfield code="g">f. 105r-106r</subfield>
    </datafield>
    <datafield tag="505" ind1="0" ind2=" ">
      <subfield code="a">Pars Logicae secunda seu Logica sermocinalis</subfield>
      <subfield code="g">f. 107r-201r</subfield>
    </datafield>
    <datafield tag="505" ind1="0" ind2=" ">
      <subfield code="a">* Praefatio</subfield>
      <subfield code="g">f. 108r</subfield>
    </datafield>
    <datafield tag="505" ind1="0" ind2=" ">
      <subfield code="a">* Tractatus praeliminaris De instrumentis sciendi</subfield>
      <subfield code="g">f. 108r-115r</subfield>
    </datafield>
    <datafield tag="505" ind1="0" ind2=" ">
      <subfield code="a">* Tractatus primus De signis primae mentis operationi correspondentibus</subfield>
      <subfield code="g">f. 115r-138r</subfield>
    </datafield>
    <datafield tag="505" ind1="0" ind2=" ">
      <subfield code="a">** Caput primum De signis generatim</subfield>
      <subfield code="g">f. 115r-120r</subfield>
    </datafield>
    <datafield tag="505" ind1="0" ind2=" ">
      <subfield code="a">** Caput secundum De voce generatim et ejus divisione</subfield>
      <subfield code="g">f. 120r-130r</subfield>
    </datafield>
    <datafield tag="505" ind1="0" ind2=" ">
      <subfield code="a">** Caput tertium De variis affectionibus vocum</subfield>
      <subfield code="g">f. 130r-138r</subfield>
    </datafield>
    <datafield tag="505" ind1="0" ind2=" ">
      <subfield code="a">* Logicae sermocinalis pars secunda</subfield>
      <subfield code="g">f. 138r-186v</subfield>
    </datafield>
    <datafield tag="505" ind1="0" ind2=" ">
      <subfield code="a">** Caput  primum  De enuntiationibus generatim variis ipsarum divisionibus et proprietatibus</subfield>
      <subfield code="g">f. 138r-145v</subfield>
    </datafield>
    <datafield tag="505" ind1="0" ind2=" ">
      <subfield code="a">** Caput secundum De variis propositionum speciebus</subfield>
      <subfield code="g">f. 145v-186v</subfield>
    </datafield>
    <datafield tag="505" ind1="0" ind2=" ">
      <subfield code="a">* Tractatus tertius De iis ae tertiae mentis operationi correspondent</subfield>
      <subfield code="g">f. 186v-201r</subfield>
    </datafield>
    <datafield tag="505" ind1="0" ind2=" ">
      <subfield code="a">** De locis topicis magis famosis</subfield>
      <subfield code="g">f. 189r-190v</subfield>
    </datafield>
    <datafield tag="505" ind1="0" ind2=" ">
      <subfield code="a">** De locis topicis minus famosis</subfield>
      <subfield code="g">f. 190v-201r</subfield>
    </datafield>
    <datafield tag="505" ind1="0" ind2=" ">
      <subfield code="a">Quaestiones Logicae rationalis</subfield>
      <subfield code="g">f. 202r-213v</subfield>
    </datafield>
    <datafield tag="505" ind1="0" ind2=" ">
      <subfield code="a">Quaestiones variae De logica sermocinali</subfield>
      <subfield code="g">f. 214r-231r</subfield>
    </datafield>
    <datafield tag="544" ind1=" " ind2=" ">
      <subfield code="a">Louvain-la-Neuve, Archives de l'Université catholique de Louvain</subfield>
      <subfield code="b">Ms. C110</subfield>
    </datafield>
    <datafield tag="546" ind1=" " ind2=" ">
      <subfield code="a">Latin</subfield>
    </datafield>
    <datafield tag="653" ind1=" " ind2="6">
      <subfield code="a">Manuscripts</subfield>
    </datafield>
    <datafield tag="653" ind1=" " ind2="6">
      <subfield code="a">Lecture notes</subfield>
    </datafield>
    <datafield tag="700" ind1="1" ind2=" ">
      <subfield code="a">Deckers, Gerardus</subfield>
      <subfield code="3">professor primarius</subfield>
      <subfield code="4">pfs</subfield>
    </datafield>
    <datafield tag="700" ind1="1" ind2=" ">
      <subfield code="a">Wuyts, Petrus</subfield>
      <subfield code="3">professor secundariuis</subfield>
      <subfield code="4">pfs</subfield>
    </datafield>
    <datafield tag="700" ind1="1" ind2=" ">
      <subfield code="a">Huleu, Joannes Franciscus Gislenus</subfield>
      <subfield code="d">1746-1815</subfield>
      <subfield code="4">stu</subfield>
    </datafield>
    <datafield tag="700" ind1="1" ind2=" ">
      <subfield code="a">van Meldert, Joannes Josephus</subfield>
      <subfield code="4">stu</subfield>
    </datafield>
    <datafield tag="830" ind1=" " ind2="0">
      <subfield code="a">Prooemium in Logicam</subfield>
    </datafield>
    <datafield tag="830" ind1=" " ind2="0">
      <subfield code="a">Prolegomena philosophiae</subfield>
    </datafield>
    <datafield tag="830" ind1=" " ind2="0">
      <subfield code="a">De signo</subfield>
    </datafield>
    <datafield tag="830" ind1=" " ind2="0">
      <subfield code="a">De methodo</subfield>
    </datafield>
    <datafield tag="830" ind1=" " ind2="0">
      <subfield code="a">De iudicio</subfield>
    </datafield>
    <datafield tag="830" ind1=" " ind2="0">
      <subfield code="a">De instrumentis sciendi</subfield>
    </datafield>
    <datafield tag="830" ind1=" " ind2="0">
      <subfield code="a">De ideis</subfield>
    </datafield>
    <datafield tag="830" ind1=" " ind2="0">
      <subfield code="a">De discursu</subfield>
    </datafield>
    <datafield tag="856" ind1="4" ind2="0">
      <subfield code="u">http://resolver.lias.be/get_pid?view&amp;usagetype=VIEW_MAIN,VIEW&amp;pid=3348221</subfield>
      <subfield code="y">Online version in LIAS</subfield>
    </datafield>
    <datafield tag="852" ind1=" " ind2=" ">
      <subfield code="8">22359076770001488</subfield>
      <subfield code="b">BIBC</subfield>
      <subfield code="c">BRES</subfield>
      <subfield code="l">UCL</subfield>
    </datafield>
    <datafield tag="900" ind1=" " ind2=" ">
      <subfield code="a">CONSOLIDATED RECORD</subfield>
    </datafield>
    <datafield tag="950" ind1=" " ind2=" ">
      <subfield code="a">f. 1r, 108r, 202r, 214r :</subfield>
      <subfield code="b">ornamental border(s)</subfield>
      <subfield code="c">banner with text</subfield>
    </datafield>
    <datafield tag="952" ind1=" " ind2=" ">
      <subfield code="d">Leuven (Louvain)</subfield>
      <subfield code="e">Pedagogie Het Varken</subfield>
      <subfield code="0">(ODIS-ORG)35504</subfield>
      <subfield code="f">Faculty of Arts, Paedagogium Porci</subfield>
    </datafield>
    <datafield tag="953" ind1=" " ind2=" ">
      <subfield code="b">1701-1800</subfield>
    </datafield>
    <datafield tag="996" ind1=" " ind2=" ">
      <subfield code="a">UCL</subfield>
      <subfield code="b">physical</subfield>
      <subfield code="c">201509</subfield>
      <subfield code="d">Lectio Magister dixit</subfield>
    </datafield>
  </record>