
  <record>
    <leader>06547ntm a2201237 u 4500</leader>
    <controlfield tag="001">9992134685601488</controlfield>
    <controlfield tag="005">20151202145140.0</controlfield>
    <controlfield tag="008">150325q1774    xx      |     000 0 lat c</controlfield>
    <datafield tag="035" ind1=" " ind2=" ">
      <subfield code="a">(BeLVLBS)9992179751901471</subfield>
    </datafield>
    <datafield tag="035" ind1=" " ind2=" ">
      <subfield code="a">(EXLNZ-32KUL_LIBIS_NETWORK)9992179751901471</subfield>
    </datafield>
    <datafield tag="245" ind1="0" ind2="0">
      <subfield code="a">Ethica. Logica</subfield>
    </datafield>
    <datafield tag="246" ind1="1" ind2="3">
      <subfield code="a">Ethica sive philosophia moralis</subfield>
    </datafield>
    <datafield tag="264" ind1=" " ind2="1">
      <subfield code="c">[1774]</subfield>
    </datafield>
    <datafield tag="300" ind1=" " ind2=" ">
      <subfield code="a">175 f.</subfield>
      <subfield code="c">192 x 165  mm.</subfield>
    </datafield>
    <datafield tag="300" ind1=" " ind2=" ">
      <subfield code="a">Band in karton ; rug en zijsnedes overtrokken met bruin leder, platten met gemarmerd papier ; gerestaureerd</subfield>
    </datafield>
    <datafield tag="300" ind1=" " ind2=" ">
      <subfield code="a">Cardboard binding ; half leather binding, spine and fore edges with brown leather, boards with decorated paper ; restored</subfield>
    </datafield>
    <datafield tag="336" ind1=" " ind2=" ">
      <subfield code="a">text</subfield>
      <subfield code="2">rdacontent</subfield>
    </datafield>
    <datafield tag="337" ind1=" " ind2=" ">
      <subfield code="a">unmediated</subfield>
      <subfield code="2">rdamedia</subfield>
    </datafield>
    <datafield tag="338" ind1=" " ind2=" ">
      <subfield code="a">volume</subfield>
      <subfield code="2">rdacarrier</subfield>
    </datafield>
    <datafield tag="340" ind1=" " ind2=" ">
      <subfield code="e">Paper</subfield>
    </datafield>
    <datafield tag="500" ind1=" " ind2=" ">
      <subfield code="a">Title created by cataloguer</subfield>
    </datafield>
    <datafield tag="500" ind1=" " ind2=" ">
      <subfield code="a">1 colophon</subfield>
    </datafield>
    <datafield tag="500" ind1=" " ind2=" ">
      <subfield code="a">Colophon on f. 70r reads : Finis. Vivat Porcus</subfield>
    </datafield>
    <datafield tag="505" ind1="0" ind2=" ">
      <subfield code="a">Ethica sive philosophia moralis</subfield>
      <subfield code="g">f. 1r-70v</subfield>
    </datafield>
    <datafield tag="505" ind1="0" ind2=" ">
      <subfield code="a">* Praefatio</subfield>
      <subfield code="g">f. 1r-1v</subfield>
    </datafield>
    <datafield tag="505" ind1="0" ind2=" ">
      <subfield code="a">* Quaestio praeliminaris</subfield>
      <subfield code="g">f. 2v-3v</subfield>
    </datafield>
    <datafield tag="505" ind1="0" ind2=" ">
      <subfield code="a">* Ethica generalis</subfield>
      <subfield code="g">f. 3v-70r</subfield>
    </datafield>
    <datafield tag="505" ind1="0" ind2=" ">
      <subfield code="a">* Sectio prima De principiis actuum humanorum</subfield>
      <subfield code="g">f. 4r-25r</subfield>
    </datafield>
    <datafield tag="505" ind1="0" ind2=" ">
      <subfield code="a">** Caput  primum De principiis externis</subfield>
      <subfield code="g">f. 4r-14r</subfield>
    </datafield>
    <datafield tag="505" ind1="0" ind2=" ">
      <subfield code="a">*** Articulus primus De bono generatim</subfield>
      <subfield code="g">f. 4v-5r</subfield>
    </datafield>
    <datafield tag="505" ind1="0" ind2=" ">
      <subfield code="a">*** Articulus secundus De fine</subfield>
      <subfield code="g">f. 5r-10v</subfield>
    </datafield>
    <datafield tag="505" ind1="0" ind2=" ">
      <subfield code="a">*** Articulus tertius De beatitudine</subfield>
      <subfield code="g">f. 10v-14r</subfield>
    </datafield>
    <datafield tag="505" ind1="0" ind2=" ">
      <subfield code="a">** Caput secundum De principiis internis actuum humanorum</subfield>
      <subfield code="g">f. 14r-25r</subfield>
    </datafield>
    <datafield tag="505" ind1="0" ind2=" ">
      <subfield code="a">*** Articulus primus De voluntario</subfield>
      <subfield code="g">f. 14v-21v</subfield>
    </datafield>
    <datafield tag="505" ind1="0" ind2=" ">
      <subfield code="a">*** Articulus secundus De libero</subfield>
      <subfield code="g">f. 21v-23v</subfield>
    </datafield>
    <datafield tag="505" ind1="0" ind2=" ">
      <subfield code="a">*** Articulus tertium De objecto libertatis</subfield>
      <subfield code="g">f. 23v- 25r</subfield>
    </datafield>
    <datafield tag="505" ind1="0" ind2=" ">
      <subfield code="a">* Sectio secunda De regulis actuum humanorum</subfield>
      <subfield code="g">f. 25r-41v</subfield>
    </datafield>
    <datafield tag="505" ind1="0" ind2=" ">
      <subfield code="a">**  Caput primum De lege</subfield>
      <subfield code="g">f. 25v-38r</subfield>
    </datafield>
    <datafield tag="505" ind1="0" ind2=" ">
      <subfield code="a">*** Articulus primus De lege naturali</subfield>
      <subfield code="g">f. 25v-34v</subfield>
    </datafield>
    <datafield tag="505" ind1="0" ind2=" ">
      <subfield code="a">*** Articulus secundus De lege positiva</subfield>
      <subfield code="g">f. 35r-38r</subfield>
    </datafield>
    <datafield tag="505" ind1="0" ind2=" ">
      <subfield code="a">** Caput secundum De conscientia</subfield>
      <subfield code="g">f. 38r-41v</subfield>
    </datafield>
    <datafield tag="505" ind1="0" ind2=" ">
      <subfield code="a">* Sectio tertia De moralitate actuum humanorum</subfield>
      <subfield code="g">f. 42r-46v</subfield>
    </datafield>
    <datafield tag="505" ind1="0" ind2=" ">
      <subfield code="a">* Sectio quarta De habitibus moralibus actuum humanorum</subfield>
      <subfield code="g">f. 46v-55v</subfield>
    </datafield>
    <datafield tag="505" ind1="0" ind2=" ">
      <subfield code="a">** Articulus primus De virtutibus in genere</subfield>
      <subfield code="g">f. 47r-47v</subfield>
    </datafield>
    <datafield tag="505" ind1="0" ind2=" ">
      <subfield code="a">** Articulus secundus De virtutibus in specie</subfield>
      <subfield code="g">f. 48r-55v</subfield>
    </datafield>
    <datafield tag="505" ind1="0" ind2=" ">
      <subfield code="a">* Appendix De religione</subfield>
      <subfield code="g">f. 55r-70r</subfield>
    </datafield>
    <datafield tag="505" ind1="0" ind2=" ">
      <subfield code="a">** Caput primum De religione generatim</subfield>
      <subfield code="g">f. 56r-60r</subfield>
    </datafield>
    <datafield tag="505" ind1="0" ind2=" ">
      <subfield code="a">** Caput secundum De religone naturali</subfield>
      <subfield code="g">f. 60r-62v</subfield>
    </datafield>
    <datafield tag="505" ind1="0" ind2=" ">
      <subfield code="a">** Caput tertium De religione revelata</subfield>
      <subfield code="g">f. 63r-65r</subfield>
    </datafield>
    <datafield tag="505" ind1="0" ind2=" ">
      <subfield code="a">** Caput quartum De religione christiana</subfield>
      <subfield code="g">f. 65r-70r</subfield>
    </datafield>
    <datafield tag="505" ind1="0" ind2=" ">
      <subfield code="a">[Logica. ] Prolegomenum in logicam</subfield>
      <subfield code="g">f. 73r-174v</subfield>
    </datafield>
    <datafield tag="505" ind1="0" ind2=" ">
      <subfield code="a">* Sectio prima De facultate cognoscitiva mentis humanae</subfield>
      <subfield code="g">f. 73v-121v</subfield>
    </datafield>
    <datafield tag="505" ind1="0" ind2=" ">
      <subfield code="a">** Caput primum De perceptionibus et earum objectis</subfield>
      <subfield code="g">f. 74v-76r</subfield>
    </datafield>
    <datafield tag="505" ind1="0" ind2=" ">
      <subfield code="a">** Caput secundum De idaearum natura et origine</subfield>
      <subfield code="g">f. 76r-78v</subfield>
    </datafield>
    <datafield tag="505" ind1="0" ind2=" ">
      <subfield code="a">** Caput tertium De formali idaearum differentia</subfield>
      <subfield code="g">f. 78v-80v</subfield>
    </datafield>
    <datafield tag="505" ind1="0" ind2=" ">
      <subfield code="a">** Caput quartum De materiali idaearum differentia</subfield>
      <subfield code="g">f. 80v-86r</subfield>
    </datafield>
    <datafield tag="505" ind1="0" ind2=" ">
      <subfield code="a">** Caput quintum De idaearum signis in genere variisque eorum divisionibus</subfield>
      <subfield code="g">f. 86r-87v</subfield>
    </datafield>
    <datafield tag="505" ind1="0" ind2=" ">
      <subfield code="a">** Caput sextum De vocibus</subfield>
      <subfield code="g">f. 87v-90r</subfield>
    </datafield>
    <datafield tag="505" ind1="0" ind2=" ">
      <subfield code="a">** Caput septimum De vocabulorum usu abusu ejusque remediis</subfield>
      <subfield code="g">f. 90r-93r</subfield>
    </datafield>
    <datafield tag="505" ind1="0" ind2=" ">
      <subfield code="a">** Caput octavum De definitione</subfield>
      <subfield code="g">f. 93r-96v</subfield>
    </datafield>
    <datafield tag="505" ind1="0" ind2=" ">
      <subfield code="a">** Caput nonum De divisione</subfield>
      <subfield code="g">f. 96v-97v</subfield>
    </datafield>
    <datafield tag="505" ind1="0" ind2=" ">
      <subfield code="a">** Caput decimum De judicio</subfield>
      <subfield code="g">f. 97v-98v</subfield>
    </datafield>
    <datafield tag="505" ind1="0" ind2=" ">
      <subfield code="a">** Caput undecimum De enunciatione ejusque speciebus</subfield>
      <subfield code="g">f. 98v-100v</subfield>
    </datafield>
    <datafield tag="505" ind1="0" ind2=" ">
      <subfield code="a">** Caput duodecimum De diversis enunciationum proprietatibus</subfield>
      <subfield code="g">f. 100v-105r</subfield>
    </datafield>
    <datafield tag="505" ind1="0" ind2=" ">
      <subfield code="a">** Caput tertium decimum De propositionibus complexis</subfield>
      <subfield code="g">f. 105r-106v</subfield>
    </datafield>
    <datafield tag="505" ind1="0" ind2=" ">
      <subfield code="a">** Caput [quartum decimum] De enunciationibus in methodo scientifica usitatis</subfield>
      <subfield code="g">f. 106v-107v</subfield>
    </datafield>
    <datafield tag="505" ind1="0" ind2=" ">
      <subfield code="a">** Caput quintum decimum De ratiocinatione</subfield>
      <subfield code="g">f. 107v-110r</subfield>
    </datafield>
    <datafield tag="505" ind1="0" ind2=" ">
      <subfield code="a">** Caput sextum decimum De argumentatione et in specie de silogismo simplici</subfield>
      <subfield code="g">f. 110r-114r</subfield>
    </datafield>
    <datafield tag="505" ind1="0" ind2=" ">
      <subfield code="a">** Caput septimum decimum De figuris et modis sillogisticis</subfield>
      <subfield code="g">f. 114r-116v</subfield>
    </datafield>
    <datafield tag="505" ind1="0" ind2=" ">
      <subfield code="a">** Caput octavum decimum De sillogismo compsito</subfield>
      <subfield code="g">f. 116v-118r</subfield>
    </datafield>
    <datafield tag="505" ind1="0" ind2=" ">
      <subfield code="a">** Caput nonum decimum De reliquis argumentationis speciebus</subfield>
      <subfield code="g">f. 118r-121v</subfield>
    </datafield>
    <datafield tag="505" ind1="0" ind2=" ">
      <subfield code="a">* Sectio secunda De veritate cognoscenda</subfield>
      <subfield code="g">f. 121v-138r</subfield>
    </datafield>
    <datafield tag="505" ind1="0" ind2=" ">
      <subfield code="a">** Caput primum De veritate ac falsitate in genere diversisque earum  speciebus</subfield>
      <subfield code="g">f. 121v-122v</subfield>
    </datafield>
    <datafield tag="505" ind1="0" ind2=" ">
      <subfield code="a">** Caput secundum De veritate perceptionum judiciorum ac ratiociniorum</subfield>
      <subfield code="g">f. 122v-127r</subfield>
    </datafield>
    <datafield tag="505" ind1="0" ind2=" ">
      <subfield code="a">** Caput tertium De iudiciis veritatis, certitudine et evidentia</subfield>
      <subfield code="g">f. 127r-130r</subfield>
    </datafield>
    <datafield tag="505" ind1="0" ind2=" ">
      <subfield code="a">** Caput quartum De sensu intimo et sensu naturae communi</subfield>
      <subfield code="g">f. 130r-134r</subfield>
    </datafield>
    <datafield tag="505" ind1="0" ind2=" ">
      <subfield code="a">** Caput quintum De testimonio sensuum externorum</subfield>
      <subfield code="g">f. 134r-136v</subfield>
    </datafield>
    <datafield tag="505" ind1="0" ind2=" ">
      <subfield code="a">** Caput sextum De authoritate</subfield>
      <subfield code="g">f. 136v-138r</subfield>
    </datafield>
    <datafield tag="505" ind1="0" ind2=" ">
      <subfield code="a">* Sectio tertia De cognitione veritatis</subfield>
      <subfield code="g">f. 138r-173v</subfield>
    </datafield>
    <datafield tag="505" ind1="0" ind2=" ">
      <subfield code="a">** Caput primum De scientia diversisque ejus speciebus</subfield>
      <subfield code="g">f. 138v-140r</subfield>
    </datafield>
    <datafield tag="505" ind1="0" ind2=" ">
      <subfield code="a">** Caput secundum De probatione et demonstratione</subfield>
      <subfield code="g">f. 140r-144r</subfield>
    </datafield>
    <datafield tag="505" ind1="0" ind2=" ">
      <subfield code="a">** Caput tertium De probabilitate et opinione</subfield>
      <subfield code="g">f. 144r-148v</subfield>
    </datafield>
    <datafield tag="505" ind1="0" ind2=" ">
      <subfield code="a">** Caput quartum De fide</subfield>
      <subfield code="g">f. 148v-152r</subfield>
    </datafield>
    <datafield tag="505" ind1="0" ind2=" ">
      <subfield code="a">** Caput quintum De interpretatione et lectione librorum</subfield>
      <subfield code="g">f. 152r-154v</subfield>
    </datafield>
    <datafield tag="505" ind1="0" ind2=" ">
      <subfield code="a">** Caput sextum De errore et  ejus fontibus</subfield>
      <subfield code="g">f. 154v-157v</subfield>
    </datafield>
    <datafield tag="505" ind1="0" ind2=" ">
      <subfield code="a">** Caput septimum De concertatione litterariae</subfield>
      <subfield code="g">f. 157v-173v</subfield>
    </datafield>
    <datafield tag="505" ind1="0" ind2=" ">
      <subfield code="a">* Appendix Quaestionum ad logicam</subfield>
      <subfield code="g">f. 173v-174v</subfield>
    </datafield>
    <datafield tag="544" ind1=" " ind2=" ">
      <subfield code="a">Louvain-la-Neuve, Archives de l'Université catholique de Louvain</subfield>
      <subfield code="b">Ms. 66</subfield>
    </datafield>
    <datafield tag="546" ind1=" " ind2=" ">
      <subfield code="a">Latin</subfield>
    </datafield>
    <datafield tag="653" ind1=" " ind2="6">
      <subfield code="a">Manuscripts</subfield>
    </datafield>
    <datafield tag="653" ind1=" " ind2="6">
      <subfield code="a">Lecture notes</subfield>
    </datafield>
    <datafield tag="700" ind1="1" ind2=" ">
      <subfield code="a">de Nison, Remigius Josephus</subfield>
      <subfield code="4">stu</subfield>
    </datafield>
    <datafield tag="830" ind1=" " ind2="0">
      <subfield code="a">Prooemium in Logicam</subfield>
    </datafield>
    <datafield tag="830" ind1=" " ind2="0">
      <subfield code="a">Ethica generalis</subfield>
    </datafield>
    <datafield tag="830" ind1=" " ind2="0">
      <subfield code="a">De veritate cognoscenda</subfield>
    </datafield>
    <datafield tag="830" ind1=" " ind2="0">
      <subfield code="a">De religione</subfield>
    </datafield>
    <datafield tag="830" ind1=" " ind2="0">
      <subfield code="a">De regulis actuum humanorum</subfield>
    </datafield>
    <datafield tag="830" ind1=" " ind2="0">
      <subfield code="a">De principiis actuum humanorum</subfield>
    </datafield>
    <datafield tag="830" ind1=" " ind2="0">
      <subfield code="a">De moralitate actuum humanorum</subfield>
    </datafield>
    <datafield tag="830" ind1=" " ind2="0">
      <subfield code="a">De habitibus moralibus actuum humanorum</subfield>
    </datafield>
    <datafield tag="830" ind1=" " ind2="0">
      <subfield code="a">De facultate cognoscitiva mentis humanae</subfield>
    </datafield>
    <datafield tag="830" ind1=" " ind2="0">
      <subfield code="a">De cognitione veritatis</subfield>
    </datafield>
    <datafield tag="856" ind1="4" ind2="0">
      <subfield code="u">http://resolver.lias.be/get_pid?view&amp;usagetype=VIEW_MAIN,VIEW&amp;pid=3312691</subfield>
      <subfield code="y">Online version in LIAS</subfield>
    </datafield>
    <datafield tag="852" ind1=" " ind2=" ">
      <subfield code="8">22358741060001488</subfield>
      <subfield code="b">BIBC</subfield>
      <subfield code="c">BRES</subfield>
      <subfield code="l">UCL</subfield>
    </datafield>
    <datafield tag="900" ind1=" " ind2=" ">
      <subfield code="a">CONSOLIDATED RECORD</subfield>
    </datafield>
    <datafield tag="952" ind1=" " ind2=" ">
      <subfield code="d">Leuven (Louvain)</subfield>
      <subfield code="e">Pedagogie Het Varken</subfield>
      <subfield code="0">(ODIS-ORG)35504</subfield>
      <subfield code="f">Faculty of Arts, Paedagogium Porci</subfield>
    </datafield>
    <datafield tag="953" ind1=" " ind2=" ">
      <subfield code="b">1701-1800</subfield>
    </datafield>
    <datafield tag="996" ind1=" " ind2=" ">
      <subfield code="a">UCL</subfield>
      <subfield code="b">physical</subfield>
      <subfield code="c">201509</subfield>
      <subfield code="d">Lectio Magister dixit</subfield>
    </datafield>
  </record>