
  <record>
    <leader>04471ntm a2200865 u 4500</leader>
    <controlfield tag="001">9992136995601488</controlfield>
    <controlfield tag="005">20151202162742.0</controlfield>
    <controlfield tag="008">150417s1674    xx      |     000 0 lat c</controlfield>
    <datafield tag="035" ind1=" " ind2=" ">
      <subfield code="a">(BeLVLBS)9992182826901471</subfield>
    </datafield>
    <datafield tag="035" ind1=" " ind2=" ">
      <subfield code="a">(EXLNZ-32KUL_LIBIS_NETWORK)9992182826901471</subfield>
    </datafield>
    <datafield tag="245" ind1="0" ind2="0">
      <subfield code="a">Dialectica</subfield>
    </datafield>
    <datafield tag="246" ind1="1" ind2="3">
      <subfield code="a">Annotata scripta sub doctissimo domino domino Henrico van ermegem anno 1674</subfield>
    </datafield>
    <datafield tag="264" ind1=" " ind2="1">
      <subfield code="c">1674</subfield>
    </datafield>
    <datafield tag="300" ind1=" " ind2=" ">
      <subfield code="a">168 f.</subfield>
      <subfield code="b">ill.</subfield>
      <subfield code="c">195 x 165 mm.</subfield>
    </datafield>
    <datafield tag="300" ind1=" " ind2=" ">
      <subfield code="a">Parchment binding</subfield>
    </datafield>
    <datafield tag="336" ind1=" " ind2=" ">
      <subfield code="a">text</subfield>
      <subfield code="2">rdacontent</subfield>
    </datafield>
    <datafield tag="337" ind1=" " ind2=" ">
      <subfield code="a">unmediated</subfield>
      <subfield code="2">rdamedia</subfield>
    </datafield>
    <datafield tag="338" ind1=" " ind2=" ">
      <subfield code="a">volume</subfield>
      <subfield code="2">rdacarrier</subfield>
    </datafield>
    <datafield tag="340" ind1=" " ind2=" ">
      <subfield code="e">Paper</subfield>
    </datafield>
    <datafield tag="351" ind1=" " ind2=" ">
      <subfield code="a">Band in perkament</subfield>
    </datafield>
    <datafield tag="500" ind1=" " ind2=" ">
      <subfield code="a">2 colophons</subfield>
    </datafield>
    <datafield tag="500" ind1=" " ind2=" ">
      <subfield code="a">Colophon on f. 55r reads : Fine coronato nobilitatur opus</subfield>
    </datafield>
    <datafield tag="500" ind1=" " ind2=" ">
      <subfield code="a">Colophon on f. 165r reads : Fine coronato nobile semper opus</subfield>
    </datafield>
    <datafield tag="500" ind1=" " ind2=" ">
      <subfield code="a">Note on endpaper (front pastedown) reads : Ex libris Francisci Josephi Angeli Goes</subfield>
    </datafield>
    <datafield tag="500" ind1=" " ind2=" ">
      <subfield code="a">Note on f. 168r reads : Ex libri Fracisci Josephi Angeli Goes</subfield>
    </datafield>
    <datafield tag="505" ind1="0" ind2=" ">
      <subfield code="a">Dialectica</subfield>
    </datafield>
    <datafield tag="505" ind1="0" ind2=" ">
      <subfield code="a">* [Dictata]</subfield>
      <subfield code="g">f. 1r-55r</subfield>
    </datafield>
    <datafield tag="505" ind1="0" ind2=" ">
      <subfield code="a">** Tractatus primus</subfield>
      <subfield code="g">f. 2r-35v</subfield>
    </datafield>
    <datafield tag="505" ind1="0" ind2=" ">
      <subfield code="a">** Tractatus de enuntiationibus</subfield>
      <subfield code="g">f. 35v-45r</subfield>
    </datafield>
    <datafield tag="505" ind1="0" ind2=" ">
      <subfield code="a">** Tractatus ultimus de argumentatione</subfield>
      <subfield code="g">f. 45v-55r</subfield>
    </datafield>
    <datafield tag="505" ind1="0" ind2=" ">
      <subfield code="a">* Annotata scripta sub doctissimo Domino Domino Henrico van Ermegem anno 1674</subfield>
      <subfield code="g">f. 59r-165r</subfield>
    </datafield>
    <datafield tag="505" ind1="0" ind2=" ">
      <subfield code="a">** Quaestiones datae pro thematibus</subfield>
      <subfield code="g">f. 60r-70v</subfield>
    </datafield>
    <datafield tag="505" ind1="0" ind2=" ">
      <subfield code="a">*** De toto et parte</subfield>
      <subfield code="g">f. 72r-82v</subfield>
    </datafield>
    <datafield tag="505" ind1="0" ind2=" ">
      <subfield code="a">*** De signo</subfield>
      <subfield code="g">f. 83r-92v</subfield>
    </datafield>
    <datafield tag="505" ind1="0" ind2=" ">
      <subfield code="a">*** De voce</subfield>
      <subfield code="g">f. 92v-126v</subfield>
    </datafield>
    <datafield tag="505" ind1="0" ind2=" ">
      <subfield code="a">*** De universali</subfield>
      <subfield code="g">f. 128r-137r</subfield>
    </datafield>
    <datafield tag="505" ind1="0" ind2=" ">
      <subfield code="a">*** De substancia</subfield>
      <subfield code="g">f. 137v-140v</subfield>
    </datafield>
    <datafield tag="505" ind1="0" ind2=" ">
      <subfield code="a">*** De nomine et verbo</subfield>
      <subfield code="g">f. 140v-145v</subfield>
    </datafield>
    <datafield tag="505" ind1="0" ind2=" ">
      <subfield code="a">*** De repugnantibus</subfield>
      <subfield code="g">f. 145v-155v</subfield>
    </datafield>
    <datafield tag="505" ind1="0" ind2=" ">
      <subfield code="a">*** De enunciationibus</subfield>
      <subfield code="g">f. 155v-158v</subfield>
    </datafield>
    <datafield tag="505" ind1="0" ind2=" ">
      <subfield code="a">*** De argumentatione</subfield>
      <subfield code="g">f. 159r-162r</subfield>
    </datafield>
    <datafield tag="505" ind1="0" ind2=" ">
      <subfield code="a">*** De conversione in terminis</subfield>
      <subfield code="g">f. 162r-165r</subfield>
    </datafield>
    <datafield tag="546" ind1=" " ind2=" ">
      <subfield code="a">Latin</subfield>
    </datafield>
    <datafield tag="544" ind1=" " ind2=" ">
      <subfield code="a">Louvain-la-Neuve, Archives de l'Université catholique de Louvain</subfield>
      <subfield code="b">Ms. C190</subfield>
    </datafield>
    <datafield tag="653" ind1=" " ind2="6">
      <subfield code="a">Manuscripts</subfield>
    </datafield>
    <datafield tag="653" ind1=" " ind2="6">
      <subfield code="a">Lecture notes</subfield>
    </datafield>
    <datafield tag="700" ind1="1" ind2=" ">
      <subfield code="a">van Ermengem, Henri</subfield>
      <subfield code="4">pfs</subfield>
    </datafield>
    <datafield tag="700" ind1="1" ind2=" ">
      <subfield code="a">Goes, Franciscus Josephus Angelus</subfield>
      <subfield code="4">stu</subfield>
    </datafield>
    <datafield tag="700" ind1="1" ind2=" ">
      <subfield code="a">Haye, Michael</subfield>
      <subfield code="d">?-1676</subfield>
      <subfield code="g">Flemish printmaker, draftsman and publisher</subfield>
      <subfield code="4">egr</subfield>
    </datafield>
    <datafield tag="700" ind1="1" ind2=" ">
      <subfield code="a">Huybrechts, Peeter</subfield>
      <subfield code="d">1614-1660</subfield>
      <subfield code="g">Flemish printmaker and publisher</subfield>
      <subfield code="4">egr</subfield>
    </datafield>
    <datafield tag="700" ind1="1" ind2=" ">
      <subfield code="a">Bloiswert, B. A.</subfield>
      <subfield code="4">egr</subfield>
    </datafield>
    <datafield tag="830" ind1=" " ind2="0">
      <subfield code="a">De enuntiatione</subfield>
    </datafield>
    <datafield tag="830" ind1=" " ind2="0">
      <subfield code="a">De argumentatione</subfield>
    </datafield>
    <datafield tag="852" ind1=" " ind2=" ">
      <subfield code="8">22359481850001488</subfield>
      <subfield code="b">BIBC</subfield>
      <subfield code="c">BRES</subfield>
      <subfield code="l">UCL</subfield>
    </datafield>
    <datafield tag="900" ind1=" " ind2=" ">
      <subfield code="a">CONSOLIDATED RECORD</subfield>
    </datafield>
    <datafield tag="950" ind1=" " ind2=" ">
      <subfield code="a">many small coloured</subfield>
      <subfield code="b">pen drawing(s)</subfield>
      <subfield code="c">fowers, birds, hearts, roses (in red en green ink)</subfield>
    </datafield>
    <datafield tag="950" ind1=" " ind2=" ">
      <subfield code="a">f. 1r :</subfield>
      <subfield code="b">engraving(s)</subfield>
      <subfield code="c">Gymnasium SS. Trinitatis  Lovany  (Apud MIchaelem Hayé prope prædicatores Hybernos.)</subfield>
    </datafield>
    <datafield tag="950" ind1=" " ind2=" ">
      <subfield code="a">f. 6v  :</subfield>
      <subfield code="b">engraving(s)</subfield>
      <subfield code="c">Partes Phisicæ et integrantes eductiue ad prædicamenta referuntur (in red ink)</subfield>
    </datafield>
    <datafield tag="950" ind1=" " ind2=" ">
      <subfield code="a">f. 12r  :</subfield>
      <subfield code="b">engraving(s)</subfield>
      <subfield code="c">De signo</subfield>
    </datafield>
    <datafield tag="950" ind1=" " ind2=" ">
      <subfield code="a">f. 14v  :</subfield>
      <subfield code="b">engraving(s)</subfield>
      <subfield code="c">De Sono</subfield>
    </datafield>
    <datafield tag="950" ind1=" " ind2=" ">
      <subfield code="a">f.  19v :</subfield>
      <subfield code="b">engraving(s)</subfield>
      <subfield code="c">Quid sunt univoca</subfield>
    </datafield>
    <datafield tag="950" ind1=" " ind2=" ">
      <subfield code="a">f. 22r  :  engraved</subfield>
      <subfield code="b">portrait(s)</subfield>
      <subfield code="c">Lovys XIV. Rei de Francia ij  de / Nauara, nacido 5. Septembre 1638. /  Maria Theresa Infanta d'España Reyne / de Francia y de Nauara, nacida 20 Septeb: 1638.</subfield>
    </datafield>
    <datafield tag="950" ind1=" " ind2=" ">
      <subfield code="a">f.  27r :</subfield>
      <subfield code="b">engraving(s)</subfield>
      <subfield code="c">Salvator mvndi. / Sicut malus inter ligna syluarum, sic dilectus meus inter filios. Cant. 2. / De Indiuiduo</subfield>
    </datafield>
    <datafield tag="950" ind1=" " ind2=" ">
      <subfield code="a">f. 31r  :</subfield>
      <subfield code="b">engraving(s)</subfield>
      <subfield code="c">De substantia</subfield>
    </datafield>
    <datafield tag="950" ind1=" " ind2=" ">
      <subfield code="a">f. 33r  :</subfield>
      <subfield code="b">engraving(s)</subfield>
      <subfield code="c">Repugnantia</subfield>
    </datafield>
    <datafield tag="950" ind1=" " ind2=" ">
      <subfield code="a">f. 34v :</subfield>
      <subfield code="b">engraving(s)</subfield>
      <subfield code="c">Benedicta sit sancta et indiuidua Trinitas, / cuius gloria repletum est cœlum et terra. / De relatione</subfield>
    </datafield>
    <datafield tag="950" ind1=" " ind2=" ">
      <subfield code="a">f. 40v  :</subfield>
      <subfield code="b">engraving(s)</subfield>
      <subfield code="c">De contradictoriis</subfield>
    </datafield>
    <datafield tag="950" ind1=" " ind2=" ">
      <subfield code="a">f. 43v  :</subfield>
      <subfield code="b">engraving(s)</subfield>
      <subfield code="c">De oratio (B.A. Boiswert fec. cum privilegio)</subfield>
    </datafield>
    <datafield tag="950" ind1=" " ind2=" ">
      <subfield code="a">f. 59r :</subfield>
      <subfield code="b">engraved titlepage</subfield>
      <subfield code="c">Gymnasium SS. Trinitatis Lovany (in red ink) (Apvd Michaelem Haye prope prædicatores hijbernos.)</subfield>
    </datafield>
    <datafield tag="950" ind1=" " ind2=" ">
      <subfield code="a">f. 71v :</subfield>
      <subfield code="b">engraving(s)</subfield>
      <subfield code="c">De forma ,et, svbiecto (in red ink) (Apud Michaëlem Hayé Louany proprè Pred. Hyb.)</subfield>
    </datafield>
    <datafield tag="950" ind1=" " ind2=" ">
      <subfield code="a">f. 84r :</subfield>
      <subfield code="b">engraving(s)</subfield>
      <subfield code="c">de signo</subfield>
    </datafield>
    <datafield tag="950" ind1=" " ind2=" ">
      <subfield code="a">f.  108v :</subfield>
      <subfield code="b">engraving(s)</subfield>
      <subfield code="c">De eqvivocis (Michiel.Haye . exe. P. Huybrechts fecit)</subfield>
    </datafield>
    <datafield tag="950" ind1=" " ind2=" ">
      <subfield code="a">f.  127v :</subfield>
      <subfield code="b">engraving(s)</subfield>
      <subfield code="c">De vniuersali</subfield>
    </datafield>
    <datafield tag="950" ind1=" " ind2=" ">
      <subfield code="a">f.  141r :</subfield>
      <subfield code="b">engraving(s)</subfield>
      <subfield code="c">Venit Joannes Baptista prædicans / in deserto Judææ. Matth. 3. / De Verbo</subfield>
    </datafield>
    <datafield tag="952" ind1=" " ind2=" ">
      <subfield code="d">Leuven (Louvain)</subfield>
      <subfield code="e">Heilige-Drievuldigheidscollege</subfield>
      <subfield code="0">(ODIS-ORG)35513</subfield>
      <subfield code="f">Collegium Sanctissimae Trinitatis</subfield>
    </datafield>
    <datafield tag="953" ind1=" " ind2=" ">
      <subfield code="b">1601-1700</subfield>
    </datafield>
    <datafield tag="996" ind1=" " ind2=" ">
      <subfield code="a">UCL</subfield>
      <subfield code="b">physical</subfield>
      <subfield code="c">201509</subfield>
      <subfield code="d">Lectio Magister dixit</subfield>
    </datafield>
  </record>