
  <record>
    <leader>05110ntm a2200949 u 4500</leader>
    <controlfield tag="001">9992136798801488</controlfield>
    <controlfield tag="005">20151202162959.0</controlfield>
    <controlfield tag="008">150415s1748    xx      |     000 0 lat c</controlfield>
    <datafield tag="035" ind1=" " ind2=" ">
      <subfield code="a">(BeLVLBS)9992182846901471</subfield>
    </datafield>
    <datafield tag="035" ind1=" " ind2=" ">
      <subfield code="a">(EXLNZ-32KUL_LIBIS_NETWORK)9992182846901471</subfield>
    </datafield>
    <datafield tag="245" ind1="0" ind2="0">
      <subfield code="a">Dialectica</subfield>
    </datafield>
    <datafield tag="246" ind1="1" ind2="3">
      <subfield code="a">Tractatus De vocibus</subfield>
    </datafield>
    <datafield tag="246" ind1="1" ind2="3">
      <subfield code="a">Tractatus De compositis</subfield>
    </datafield>
    <datafield tag="246" ind1="1" ind2="3">
      <subfield code="a">Tractatus de defensione</subfield>
    </datafield>
    <datafield tag="264" ind1=" " ind2="1">
      <subfield code="c">1748</subfield>
    </datafield>
    <datafield tag="300" ind1=" " ind2=" ">
      <subfield code="a">88 p.</subfield>
      <subfield code="c">205 x 165 mm.</subfield>
    </datafield>
    <datafield tag="300" ind1=" " ind2=" ">
      <subfield code="a">No bookcover</subfield>
    </datafield>
    <datafield tag="336" ind1=" " ind2=" ">
      <subfield code="a">text</subfield>
      <subfield code="2">rdacontent</subfield>
    </datafield>
    <datafield tag="337" ind1=" " ind2=" ">
      <subfield code="a">unmediated</subfield>
      <subfield code="2">rdamedia</subfield>
    </datafield>
    <datafield tag="338" ind1=" " ind2=" ">
      <subfield code="a">volume</subfield>
      <subfield code="2">rdacarrier</subfield>
    </datafield>
    <datafield tag="340" ind1=" " ind2=" ">
      <subfield code="e">Paper</subfield>
    </datafield>
    <datafield tag="351" ind1=" " ind2=" ">
      <subfield code="a">Geen boekband</subfield>
    </datafield>
    <datafield tag="500" ind1=" " ind2=" ">
      <subfield code="a">Title created by cataloguer</subfield>
    </datafield>
    <datafield tag="500" ind1=" " ind2=" ">
      <subfield code="a">4 colophons</subfield>
    </datafield>
    <datafield tag="500" ind1=" " ind2=" ">
      <subfield code="a">Colophon on p. 15 reads : Finis datus huius paragraphi hac 6 maij anno 1748</subfield>
    </datafield>
    <datafield tag="500" ind1=" " ind2=" ">
      <subfield code="a">Colophon on p. 48 reads : Finis datus huius paragraphi hac 15 junii</subfield>
    </datafield>
    <datafield tag="500" ind1=" " ind2=" ">
      <subfield code="a">Colophon on p. 61 reads : Finis datus huius p[aragra]phi hac 31 julii</subfield>
    </datafield>
    <datafield tag="500" ind1=" " ind2=" ">
      <subfield code="a">Colophon on p. 84 reads : Finis datus huius p[aragra]phi hac 15 julii</subfield>
    </datafield>
    <datafield tag="505" ind1="0" ind2=" ">
      <subfield code="a">Tractatus De vocibus inceptus 13 aprilis</subfield>
      <subfield code="g">p. 1-45</subfield>
    </datafield>
    <datafield tag="505" ind1="0" ind2=" ">
      <subfield code="a">* Paragraphus primus De voce, ejus significato et contradictoria</subfield>
      <subfield code="g">p. 1-5</subfield>
    </datafield>
    <datafield tag="505" ind1="0" ind2=" ">
      <subfield code="a">* Paragraphus secundus De habitudinibus vocum in generali, et de habitudine convertibilium in particulari</subfield>
      <subfield code="g">p. 5-8</subfield>
    </datafield>
    <datafield tag="505" ind1="0" ind2=" ">
      <subfield code="a">* Paragraphus tertius De habitudine magis et minus communium 27 aprilis</subfield>
      <subfield code="g">p. 8-12</subfield>
    </datafield>
    <datafield tag="505" ind1="0" ind2=" ">
      <subfield code="a">* Paragraphus quartus De repugnantibus 2 maij</subfield>
      <subfield code="g">p. 12-15</subfield>
    </datafield>
    <datafield tag="505" ind1="0" ind2=" ">
      <subfield code="a">* Paragraphus quintus De excedentibus et excessis  7 maij</subfield>
      <subfield code="g">p. 16-20</subfield>
    </datafield>
    <datafield tag="505" ind1="0" ind2=" ">
      <subfield code="a">* Paragraphus sextus De contriis duarum vocum 11 maij</subfield>
      <subfield code="g">p. 20-23</subfield>
    </datafield>
    <datafield tag="505" ind1="0" ind2=" ">
      <subfield code="a">* Paragraphus septimus De una voce et contria alterius 16 maij</subfield>
      <subfield code="g">p. 23-27</subfield>
    </datafield>
    <datafield tag="505" ind1="0" ind2=" ">
      <subfield code="a">* Paragraphus octavus Quomodo voce se (...) certo modo ad unam duarum vocum (...) se habere ad alteram 22 maij</subfield>
      <subfield code="g">p. 27-31</subfield>
    </datafield>
    <datafield tag="505" ind1="0" ind2=" ">
      <subfield code="a">* Paragraphus nonus De duabus vocibus (...) se eodem modo ad eamdem (...) 5 iunii</subfield>
      <subfield code="g">p. 32-36</subfield>
    </datafield>
    <datafield tag="505" ind1="0" ind2=" ">
      <subfield code="a">* Paragraphus decimus  In quo tertia voce comparatur diversi mode ad AB 17 iunii</subfield>
      <subfield code="g">p. 36-41</subfield>
    </datafield>
    <datafield tag="505" ind1="0" ind2=" ">
      <subfield code="a">* Paragraphus undecimus Omnis voce se (...) certo modo ad unam (...) se certo modo ad (...) 9 iunii</subfield>
      <subfield code="g">p. 41-43</subfield>
    </datafield>
    <datafield tag="505" ind1="0" ind2=" ">
      <subfield code="a">* Paragraphus duodecimus (...) 16 iulii</subfield>
      <subfield code="g">p. 43-45</subfield>
    </datafield>
    <datafield tag="505" ind1="0" ind2=" ">
      <subfield code="a">Tractatus secundus De compositis</subfield>
      <subfield code="g">p. 47-62</subfield>
    </datafield>
    <datafield tag="505" ind1="0" ind2=" ">
      <subfield code="a">* Paragraphus primus De propositione, eiusdem divisionibus, et contradictoria 10 iunii</subfield>
      <subfield code="g">p. 47-49</subfield>
    </datafield>
    <datafield tag="505" ind1="0" ind2=" ">
      <subfield code="a">* Paragraphus secundus De illatione propostionum 17 iunii</subfield>
      <subfield code="g">p. 49-50</subfield>
    </datafield>
    <datafield tag="505" ind1="0" ind2=" ">
      <subfield code="a">* Paragraphus tertius De rantia (?) propositionum 20 iunii</subfield>
      <subfield code="g">p. 50-53</subfield>
    </datafield>
    <datafield tag="505" ind1="0" ind2=" ">
      <subfield code="a">* Paragraphus quartus De qualitate et quantitate propositionum 3 iulii</subfield>
      <subfield code="g">p. 53-54</subfield>
    </datafield>
    <datafield tag="505" ind1="0" ind2=" ">
      <subfield code="a">* Paragraphus quintus De subalternis 4 iulii</subfield>
      <subfield code="g">p. 54-56</subfield>
    </datafield>
    <datafield tag="505" ind1="0" ind2=" ">
      <subfield code="a">* Paragraphus sextus De oppositis 10 iulii</subfield>
      <subfield code="g">p. 56-58</subfield>
    </datafield>
    <datafield tag="505" ind1="0" ind2=" ">
      <subfield code="a">* Paragraphus septimus De propositionibus (....) 18 iulii</subfield>
      <subfield code="g">p. 58-59</subfield>
    </datafield>
    <datafield tag="505" ind1="0" ind2=" ">
      <subfield code="a">* Paragraphus octavus De copulativa 23 iulii</subfield>
      <subfield code="g">p. 59-61</subfield>
    </datafield>
    <datafield tag="505" ind1="0" ind2=" ">
      <subfield code="a">* Paragraphus nonus  De disiunctiva 1 augusti</subfield>
      <subfield code="g">p. 62</subfield>
    </datafield>
    <datafield tag="505" ind1="0" ind2=" ">
      <subfield code="a">Tractatus de defensione 30 aprilis</subfield>
      <subfield code="g">p. 70-86</subfield>
    </datafield>
    <datafield tag="505" ind1="0" ind2=" ">
      <subfield code="a">* Proemium in dialectica</subfield>
      <subfield code="g">p. 70-74</subfield>
    </datafield>
    <datafield tag="505" ind1="0" ind2=" ">
      <subfield code="a">* Tractatus primus De instrumenti sciendi</subfield>
      <subfield code="g">p. 74-76</subfield>
    </datafield>
    <datafield tag="505" ind1="0" ind2=" ">
      <subfield code="a">** Paragraphus primus De definitione 2 maij</subfield>
      <subfield code="g">p. 73-74</subfield>
    </datafield>
    <datafield tag="505" ind1="0" ind2=" ">
      <subfield code="a">** Paragraphus secundus De divisione 19 maij</subfield>
      <subfield code="g">p. 74-75</subfield>
    </datafield>
    <datafield tag="505" ind1="0" ind2=" ">
      <subfield code="a">** Paragraphus tertius De argumentatione  13 maij</subfield>
      <subfield code="g">p. 75-76</subfield>
    </datafield>
    <datafield tag="505" ind1="0" ind2=" ">
      <subfield code="a">* Tractatus secundus De ideis et earum signis</subfield>
      <subfield code="g">p. 76-84</subfield>
    </datafield>
    <datafield tag="505" ind1="0" ind2=" ">
      <subfield code="a">** Paragraphus primus De natura idearum 14 maij</subfield>
      <subfield code="g">p. 76-77</subfield>
    </datafield>
    <datafield tag="505" ind1="0" ind2=" ">
      <subfield code="a">** Paragraphus secundus De divsione idearum 16 maij</subfield>
      <subfield code="g">p. 77-79</subfield>
    </datafield>
    <datafield tag="505" ind1="0" ind2=" ">
      <subfield code="a">** Paragraphus tertius De signo et eijs divisione 21 maij</subfield>
      <subfield code="g">p. 80-81</subfield>
    </datafield>
    <datafield tag="505" ind1="0" ind2=" ">
      <subfield code="a">** Paragraphus quartus De voce eiusque scato 30 maij</subfield>
      <subfield code="g">p. 81-82</subfield>
    </datafield>
    <datafield tag="505" ind1="0" ind2=" ">
      <subfield code="a">** Paragraphus quintus De vocum divisone  11 iunii</subfield>
      <subfield code="g">p.82-83</subfield>
    </datafield>
    <datafield tag="505" ind1="0" ind2=" ">
      <subfield code="a">* Tractatus  tertius De secunda mentis operatione seu de iudicio  15 iulii</subfield>
      <subfield code="g">p. 84-86</subfield>
    </datafield>
    <datafield tag="505" ind1="0" ind2=" ">
      <subfield code="a">** Paragraphus primus De natura et divisione iudicii</subfield>
      <subfield code="g">p. 84</subfield>
    </datafield>
    <datafield tag="505" ind1="0" ind2=" ">
      <subfield code="a">** Paragraphus secundus De enuntiatione 16 iulii</subfield>
      <subfield code="g">p. 85</subfield>
    </datafield>
    <datafield tag="505" ind1="0" ind2=" ">
      <subfield code="a">** Paragraphus tertius De enuntiatione simplici sive de propositione 23 iulii</subfield>
      <subfield code="g">p. 85</subfield>
    </datafield>
    <datafield tag="505" ind1="0" ind2=" ">
      <subfield code="a">** Paragraphus quartus De enuntinione vera et falsa item de verace et fallace</subfield>
      <subfield code="g">p. 85-86</subfield>
    </datafield>
    <datafield tag="505" ind1="0" ind2=" ">
      <subfield code="a">** Paragraphus quintus De enuntiatone composita 1 augusti</subfield>
      <subfield code="g">p. 86</subfield>
    </datafield>
    <datafield tag="544" ind1=" " ind2=" ">
      <subfield code="a">Louvain-la-Neuve, Archives de l'Université catholique de Louvain</subfield>
      <subfield code="b">Ms. C179</subfield>
    </datafield>
    <datafield tag="546" ind1=" " ind2=" ">
      <subfield code="a">Latin</subfield>
    </datafield>
    <datafield tag="653" ind1=" " ind2="6">
      <subfield code="a">Manuscripts</subfield>
    </datafield>
    <datafield tag="653" ind1=" " ind2="6">
      <subfield code="a">Lecture notes</subfield>
    </datafield>
    <datafield tag="830" ind1=" " ind2="0">
      <subfield code="a">De vocibus</subfield>
    </datafield>
    <datafield tag="830" ind1=" " ind2="0">
      <subfield code="a">De iudicio</subfield>
    </datafield>
    <datafield tag="830" ind1=" " ind2="0">
      <subfield code="a">De instrumentis sciendi</subfield>
    </datafield>
    <datafield tag="830" ind1=" " ind2="0">
      <subfield code="a">De ideis</subfield>
    </datafield>
    <datafield tag="830" ind1=" " ind2="0">
      <subfield code="a">De compositis</subfield>
    </datafield>
    <datafield tag="856" ind1="4" ind2="0">
      <subfield code="u">http://resolver.lias.be/get_pid?view&amp;usagetype=VIEW_MAIN,VIEW&amp;pid=3428001</subfield>
      <subfield code="y">Online version in LIAS</subfield>
    </datafield>
    <datafield tag="852" ind1=" " ind2=" ">
      <subfield code="8">22359399620001488</subfield>
      <subfield code="b">BIBC</subfield>
      <subfield code="c">BRES</subfield>
      <subfield code="l">UCL</subfield>
    </datafield>
    <datafield tag="900" ind1=" " ind2=" ">
      <subfield code="a">CONSOLIDATED RECORD</subfield>
    </datafield>
    <datafield tag="952" ind1=" " ind2=" ">
      <subfield code="d">Leuven (Louvain)</subfield>
      <subfield code="e">Heilige-Drievuldigheidscollege</subfield>
      <subfield code="0">(ODIS-ORG)35513</subfield>
      <subfield code="f">Collegium Sanctissimae Trinitatis</subfield>
    </datafield>
    <datafield tag="953" ind1=" " ind2=" ">
      <subfield code="b">1701-1800</subfield>
    </datafield>
    <datafield tag="996" ind1=" " ind2=" ">
      <subfield code="a">UCL</subfield>
      <subfield code="b">physical</subfield>
      <subfield code="c">201509</subfield>
      <subfield code="d">Lectio Magister dixit</subfield>
    </datafield>
  </record>