
  <record>
    <leader>05649ntm a2201117 u 4500</leader>
    <controlfield tag="001">9992135452901488</controlfield>
    <controlfield tag="005">20151214094907.0</controlfield>
    <controlfield tag="008">150401s1640    xx      |     000 0 lat c</controlfield>
    <datafield tag="035" ind1=" " ind2=" ">
      <subfield code="a">(BeLVLBS)9992181221901471</subfield>
    </datafield>
    <datafield tag="035" ind1=" " ind2=" ">
      <subfield code="a">(EXLNZ-32KUL_LIBIS_NETWORK)9992181221901471</subfield>
    </datafield>
    <datafield tag="245" ind1="0" ind2="0">
      <subfield code="a">Logica</subfield>
    </datafield>
    <datafield tag="246" ind1="1" ind2="3">
      <subfield code="a">Dictata Magis Principalia Sub doctissimo Domino D. Guilielmo Philippi J. U. ac Medicinæ Licentiato necnon florentissimi pædagogij Liliensis, Professore Primario. Colligebat Probus Adolescens Philippus C. de Wauldret Hanno=Montanus Anno Domini 1640</subfield>
    </datafield>
    <datafield tag="246" ind1="1" ind2="3">
      <subfield code="a">Dictata magis principalia sub doctissimo Domino D[omno] Guilielmo Philippi J. U. ac Medicinæ licentiato necnon florentissimi pædagogij Liliensis, professore primario. Colligebat probus adolescens Philippus C. de Wauldret Hanno-Montanus Anno Domini 1640</subfield>
    </datafield>
    <datafield tag="264" ind1=" " ind2="1">
      <subfield code="c">1640</subfield>
    </datafield>
    <datafield tag="300" ind1=" " ind2=" ">
      <subfield code="a">192 f.</subfield>
      <subfield code="b">ill.</subfield>
      <subfield code="c">210 x 160  mm.</subfield>
    </datafield>
    <datafield tag="300" ind1=" " ind2=" ">
      <subfield code="a">Parchment binding ; 4 new white ties ; spine with title &quot;Logica&quot; ; restored</subfield>
    </datafield>
    <datafield tag="336" ind1=" " ind2=" ">
      <subfield code="a">text</subfield>
      <subfield code="2">rdacontent</subfield>
    </datafield>
    <datafield tag="337" ind1=" " ind2=" ">
      <subfield code="a">unmediated</subfield>
      <subfield code="2">rdamedia</subfield>
    </datafield>
    <datafield tag="338" ind1=" " ind2=" ">
      <subfield code="a">volume</subfield>
      <subfield code="2">rdacarrier</subfield>
    </datafield>
    <datafield tag="340" ind1=" " ind2=" ">
      <subfield code="e">Paper</subfield>
    </datafield>
    <datafield tag="351" ind1=" " ind2=" ">
      <subfield code="a">Band in perkament ; 4 nieuwe witte veters ; rug met titel &quot;Logica&quot; ; gerestaureerd</subfield>
    </datafield>
    <datafield tag="500" ind1=" " ind2=" ">
      <subfield code="a">Title created by cataloguer</subfield>
    </datafield>
    <datafield tag="500" ind1=" " ind2=" ">
      <subfield code="a">F. 1-2 are missing</subfield>
    </datafield>
    <datafield tag="500" ind1=" " ind2=" ">
      <subfield code="a">12 colophons</subfield>
    </datafield>
    <datafield tag="500" ind1=" " ind2=" ">
      <subfield code="a">Colophon on f. 23v  reads : Finis libri</subfield>
    </datafield>
    <datafield tag="500" ind1=" " ind2=" ">
      <subfield code="a">Colophon on f. 44v reads : Finis huius libri</subfield>
    </datafield>
    <datafield tag="500" ind1=" " ind2=" ">
      <subfield code="a">Colophon on f. 53r reads : Finis huius libri</subfield>
    </datafield>
    <datafield tag="500" ind1=" " ind2=" ">
      <subfield code="a">Colophon on f. 73v reads : Finis huius libri</subfield>
    </datafield>
    <datafield tag="500" ind1=" " ind2=" ">
      <subfield code="a">Colophon on f. 77v reads : Finis huius libri</subfield>
    </datafield>
    <datafield tag="500" ind1=" " ind2=" ">
      <subfield code="a">Colophon on f. 88r reads : Finis huius libri</subfield>
    </datafield>
    <datafield tag="500" ind1=" " ind2=" ">
      <subfield code="a">Colophon on f. 89v reads : Finis / Fine coronato nobile svrgit opvs</subfield>
    </datafield>
    <datafield tag="500" ind1=" " ind2=" ">
      <subfield code="a">Colophon on f. 118r reads : Finis huius libri</subfield>
    </datafield>
    <datafield tag="500" ind1=" " ind2=" ">
      <subfield code="a">Colophon on f. 147r reads : Finis libri</subfield>
    </datafield>
    <datafield tag="500" ind1=" " ind2=" ">
      <subfield code="a">Colophon on f. 163v reads : Finis huius libri</subfield>
    </datafield>
    <datafield tag="500" ind1=" " ind2=" ">
      <subfield code="a">Colophon on f. 184r reads : Finis huius libri</subfield>
    </datafield>
    <datafield tag="500" ind1=" " ind2=" ">
      <subfield code="a">Colophon on f. 192r reads : Fine coronato nobilitatur opus. / Finis totius Logicæ Sub doctis[si]mo D.[omino]. D[omi]no Guilielmo Philippi, Hallensi Professore Primario. Et Sub doctis[sim]o D[omino]. D[omi]no Sebastiano Stockmans professore s[ecun]dario. Scribebat. Philippus C. Wauldret. Hanno=Montanus Anno Domini 1640 / Lilia sola vigent</subfield>
    </datafield>
    <datafield tag="505" ind1="0" ind2=" ">
      <subfield code="a">Dictata magis principalia</subfield>
      <subfield code="g">f.4r-89v</subfield>
    </datafield>
    <datafield tag="505" ind1="0" ind2=" ">
      <subfield code="a">* Proemium In  Isagogen Porphyrii</subfield>
      <subfield code="g">f. 5r-19r</subfield>
    </datafield>
    <datafield tag="505" ind1="0" ind2=" ">
      <subfield code="a">** Caput primum De genere</subfield>
      <subfield code="g">f. 8v-9v</subfield>
    </datafield>
    <datafield tag="505" ind1="0" ind2=" ">
      <subfield code="a">** Caput secundum De specie</subfield>
      <subfield code="g">f. 9v-13v</subfield>
    </datafield>
    <datafield tag="505" ind1="0" ind2=" ">
      <subfield code="a">** [Caput  tertium] De praedicatione</subfield>
      <subfield code="g">f. 13v-15v</subfield>
    </datafield>
    <datafield tag="505" ind1="0" ind2=" ">
      <subfield code="a">** Caput quartum De differentia</subfield>
      <subfield code="g">f. 15v-17v</subfield>
    </datafield>
    <datafield tag="505" ind1="0" ind2=" ">
      <subfield code="a">** Caput quintum De proprio</subfield>
      <subfield code="g">f. 17v-18r</subfield>
    </datafield>
    <datafield tag="505" ind1="0" ind2=" ">
      <subfield code="a">** Caput sextum De accidente</subfield>
      <subfield code="g">f. 18r-19r</subfield>
    </datafield>
    <datafield tag="505" ind1="0" ind2=" ">
      <subfield code="a">* Commentarius in libros praedicamentorum Aristotelis</subfield>
      <subfield code="g">f. 19r-53r</subfield>
    </datafield>
    <datafield tag="505" ind1="0" ind2=" ">
      <subfield code="a">** In antepraedicamenta</subfield>
      <subfield code="g">f. 19r-23v</subfield>
    </datafield>
    <datafield tag="505" ind1="0" ind2=" ">
      <subfield code="a">** De praedicamentis</subfield>
      <subfield code="g">f.24r-44v</subfield>
    </datafield>
    <datafield tag="505" ind1="0" ind2=" ">
      <subfield code="a">** Postpraedicamenta Aristotelis</subfield>
      <subfield code="g">f. 45r-53r</subfield>
    </datafield>
    <datafield tag="505" ind1="0" ind2=" ">
      <subfield code="a">* In libros Aristotelis priorum analiticorum</subfield>
      <subfield code="g">f. 53v-77v</subfield>
    </datafield>
    <datafield tag="505" ind1="0" ind2=" ">
      <subfield code="a">** [Liber primus] De syllogismo</subfield>
      <subfield code="g">f. 55v-73v</subfield>
    </datafield>
    <datafield tag="505" ind1="0" ind2=" ">
      <subfield code="a">** Liber secundus priorum [De fallacia]</subfield>
      <subfield code="g">f. 73v-77v</subfield>
    </datafield>
    <datafield tag="505" ind1="0" ind2=" ">
      <subfield code="a">* [Libri Aristotelis posteriorum]</subfield>
      <subfield code="g">f. 77v-88r</subfield>
    </datafield>
    <datafield tag="505" ind1="0" ind2=" ">
      <subfield code="a">** Liber primus posteriorum</subfield>
      <subfield code="g">f. 77v-88r</subfield>
    </datafield>
    <datafield tag="505" ind1="0" ind2=" ">
      <subfield code="a">** Liber secundus posteriorum</subfield>
      <subfield code="g">f. 88v-89v</subfield>
    </datafield>
    <datafield tag="505" ind1="0" ind2=" ">
      <subfield code="a">[Dictata minus principalia]</subfield>
      <subfield code="g">f. 91r-192r</subfield>
    </datafield>
    <datafield tag="505" ind1="0" ind2=" ">
      <subfield code="a">* Praefatio in logicam Aristotelis</subfield>
      <subfield code="g">f. 91r-118r</subfield>
    </datafield>
    <datafield tag="505" ind1="0" ind2=" ">
      <subfield code="a">* In libros Aristotelis perihermenias sive de interpretatione</subfield>
      <subfield code="g">f. 119r-147r</subfield>
    </datafield>
    <datafield tag="505" ind1="0" ind2=" ">
      <subfield code="a">** Liber primus</subfield>
      <subfield code="g">f. 119r-140v</subfield>
    </datafield>
    <datafield tag="505" ind1="0" ind2=" ">
      <subfield code="a">** Liber secundus perihermenias</subfield>
      <subfield code="g">f. 141r-147r</subfield>
    </datafield>
    <datafield tag="505" ind1="0" ind2=" ">
      <subfield code="a">* Libri topicorum</subfield>
      <subfield code="g">f. 147v-184r</subfield>
    </datafield>
    <datafield tag="505" ind1="0" ind2=" ">
      <subfield code="a">** [Liber primus]</subfield>
      <subfield code="g">f. 147v-163v</subfield>
    </datafield>
    <datafield tag="505" ind1="0" ind2=" ">
      <subfield code="a">*** Caput primum</subfield>
      <subfield code="g">f. 147v-159v</subfield>
    </datafield>
    <datafield tag="505" ind1="0" ind2=" ">
      <subfield code="a">*** Caput secundum, tertium et quartum</subfield>
      <subfield code="g">f. 159r-160r</subfield>
    </datafield>
    <datafield tag="505" ind1="0" ind2=" ">
      <subfield code="a">*** Caput septimum</subfield>
      <subfield code="g">f. 160r-161v</subfield>
    </datafield>
    <datafield tag="505" ind1="0" ind2=" ">
      <subfield code="a">*** Caput octavum</subfield>
      <subfield code="g">f. 161v-162r</subfield>
    </datafield>
    <datafield tag="505" ind1="0" ind2=" ">
      <subfield code="a">*** Caput nonum</subfield>
      <subfield code="g">f. 162r-162v</subfield>
    </datafield>
    <datafield tag="505" ind1="0" ind2=" ">
      <subfield code="a">*** Caput decimum</subfield>
      <subfield code="g">f. 162v-163v</subfield>
    </datafield>
    <datafield tag="505" ind1="0" ind2=" ">
      <subfield code="a">** Reliqui septem libri topiciorum</subfield>
      <subfield code="g">f. 164r-184r</subfield>
    </datafield>
    <datafield tag="505" ind1="0" ind2=" ">
      <subfield code="a">** In Libros elencorum Aristotelis</subfield>
      <subfield code="g">f. 184v-191v</subfield>
    </datafield>
    <datafield tag="544" ind1=" " ind2=" ">
      <subfield code="a">Louvain-la-Neuve, Archives de l'Université catholique de Louvain</subfield>
      <subfield code="b">Ms. C97</subfield>
    </datafield>
    <datafield tag="546" ind1=" " ind2=" ">
      <subfield code="a">Latin</subfield>
    </datafield>
    <datafield tag="653" ind1=" " ind2="6">
      <subfield code="a">Manuscripts</subfield>
    </datafield>
    <datafield tag="653" ind1=" " ind2="6">
      <subfield code="a">Lecture notes</subfield>
    </datafield>
    <datafield tag="700" ind1="1" ind2=" ">
      <subfield code="a">Philippi, Guilielmus</subfield>
      <subfield code="d">c. 1600-1665</subfield>
      <subfield code="4">pfs</subfield>
      <subfield code="3">professor primarius</subfield>
    </datafield>
    <datafield tag="700" ind1="1" ind2=" ">
      <subfield code="a">Stockmans, Sebastianus</subfield>
      <subfield code="4">pfs</subfield>
      <subfield code="3">professor secundarius</subfield>
    </datafield>
    <datafield tag="700" ind1="1" ind2=" ">
      <subfield code="a">de Wauldret, Philippus C.</subfield>
      <subfield code="4">stu</subfield>
    </datafield>
    <datafield tag="830" ind1=" " ind2="0">
      <subfield code="a">Topica</subfield>
    </datafield>
    <datafield tag="830" ind1=" " ind2="0">
      <subfield code="a">Sophistici elenchi</subfield>
    </datafield>
    <datafield tag="830" ind1=" " ind2="0">
      <subfield code="a">Prooemium in logicam</subfield>
    </datafield>
    <datafield tag="830" ind1=" " ind2="0">
      <subfield code="a">Praedicamenta</subfield>
    </datafield>
    <datafield tag="830" ind1=" " ind2="0">
      <subfield code="a">Praedicabilia</subfield>
    </datafield>
    <datafield tag="830" ind1=" " ind2="0">
      <subfield code="a">Peri hermeneias</subfield>
    </datafield>
    <datafield tag="830" ind1=" " ind2="0">
      <subfield code="a">Isagoge</subfield>
    </datafield>
    <datafield tag="830" ind1=" " ind2="0">
      <subfield code="a">De sophisticis elenchis</subfield>
    </datafield>
    <datafield tag="830" ind1=" " ind2="0">
      <subfield code="a">De interpretatione</subfield>
    </datafield>
    <datafield tag="830" ind1=" " ind2="0">
      <subfield code="a">Categoriae</subfield>
    </datafield>
    <datafield tag="830" ind1=" " ind2="0">
      <subfield code="a">Analytica priora</subfield>
    </datafield>
    <datafield tag="830" ind1=" " ind2="0">
      <subfield code="a">Analytica posteriora</subfield>
    </datafield>
    <datafield tag="856" ind1="4" ind2="0">
      <subfield code="u">http://resolver.lias.be/get_pid?view&amp;usagetype=VIEW_MAIN,VIEW&amp;pid=3333269</subfield>
      <subfield code="y">Online version in LIAS</subfield>
    </datafield>
    <datafield tag="852" ind1=" " ind2=" ">
      <subfield code="8">22359037720001488</subfield>
      <subfield code="b">BIBC</subfield>
      <subfield code="c">BRES</subfield>
      <subfield code="l">UCL</subfield>
    </datafield>
    <datafield tag="900" ind1=" " ind2=" ">
      <subfield code="a">CONSOLIDATED RECORD</subfield>
    </datafield>
    <datafield tag="950" ind1=" " ind2=" ">
      <subfield code="a">many small ornamental</subfield>
      <subfield code="b">initials</subfield>
    </datafield>
    <datafield tag="950" ind1=" " ind2=" ">
      <subfield code="a">f. 4r :</subfield>
      <subfield code="b">engraved titlepage</subfield>
      <subfield code="c">Metaphysica, physica with the signs of The Lily, The Falcon, The Castle and The Pig</subfield>
    </datafield>
    <datafield tag="950" ind1=" " ind2=" ">
      <subfield code="a">f. 74r :</subfield>
      <subfield code="b">pen drawing(s)</subfield>
      <subfield code="c">diabolicus / pig</subfield>
    </datafield>
    <datafield tag="950" ind1=" " ind2=" ">
      <subfield code="a">f. 192r :</subfield>
      <subfield code="b">pen drawing(s)</subfield>
      <subfield code="c">frontispice with text inside and with sign of the Lily (Lilia sola vigent)</subfield>
    </datafield>
    <datafield tag="952" ind1=" " ind2=" ">
      <subfield code="d">Leuven (Louvain)</subfield>
      <subfield code="e">Pedagogie De Lelie</subfield>
      <subfield code="0">(ODIS-ORG)35505</subfield>
      <subfield code="f">Faculty of Arts, Paedagogium Lilii</subfield>
    </datafield>
    <datafield tag="953" ind1=" " ind2=" ">
      <subfield code="b">1601-1700</subfield>
    </datafield>
    <datafield tag="996" ind1=" " ind2=" ">
      <subfield code="a">UCL</subfield>
      <subfield code="b">physical</subfield>
      <subfield code="c">201509</subfield>
      <subfield code="d">Lectio Magister dixit</subfield>
    </datafield>
  </record>