
  <record>
    <leader>06643ntm a2201153 u 4500</leader>
    <controlfield tag="001">9992136094301488</controlfield>
    <controlfield tag="005">20151202161819.0</controlfield>
    <controlfield tag="008">150408s1757    xx      |     000 0 lat c</controlfield>
    <datafield tag="035" ind1=" " ind2=" ">
      <subfield code="a">(BeLVLBS)9992182249201471</subfield>
    </datafield>
    <datafield tag="035" ind1=" " ind2=" ">
      <subfield code="a">(EXLNZ-32KUL_LIBIS_NETWORK)9992182249201471</subfield>
    </datafield>
    <datafield tag="245" ind1="0" ind2="0">
      <subfield code="a">Logica</subfield>
    </datafield>
    <datafield tag="246" ind1="1" ind2="3">
      <subfield code="a">Logica dictata ab eruditissimo domino domino ac magistro martino page philosophiæ professore primario. ANNO MDCCLVII: j: j: Lambillion Namuranus:</subfield>
    </datafield>
    <datafield tag="246" ind1="1" ind2="3">
      <subfield code="a">Logica dictata ab eruditissimo Domino Domino ac MagistroMmartino Page philosophiaeprofessore primario. Ano MDCCLVII: J.  J. Lambillion Namuranus:</subfield>
    </datafield>
    <datafield tag="246" ind1="1" ind2="3">
      <subfield code="a">Logica dictata a doctissimo Domino ac magistro joanne Baptista Bultot philosophiæ professore secundario. &amp;c j: j: Lambillion Namuranus 1757:</subfield>
    </datafield>
    <datafield tag="246" ind1="1" ind2="3">
      <subfield code="a">Logica dictata a doctissimo Domino ac Magistro Joanne Baptista Bultot philosophiae professore secundario. &amp;c J. J. Lambillion Namuranus 1757:</subfield>
    </datafield>
    <datafield tag="264" ind1=" " ind2="1">
      <subfield code="c">1757</subfield>
    </datafield>
    <datafield tag="300" ind1=" " ind2=" ">
      <subfield code="a">203 f.</subfield>
      <subfield code="c">210 x 165 mm.</subfield>
    </datafield>
    <datafield tag="300" ind1=" " ind2=" ">
      <subfield code="a">Brown leather binding ; gold tooled spine with title &quot;Logica&quot;</subfield>
    </datafield>
    <datafield tag="336" ind1=" " ind2=" ">
      <subfield code="a">text</subfield>
      <subfield code="2">rdacontent</subfield>
    </datafield>
    <datafield tag="337" ind1=" " ind2=" ">
      <subfield code="a">unmediated</subfield>
      <subfield code="2">rdamedia</subfield>
    </datafield>
    <datafield tag="338" ind1=" " ind2=" ">
      <subfield code="a">volume</subfield>
      <subfield code="2">rdacarrier</subfield>
    </datafield>
    <datafield tag="340" ind1=" " ind2=" ">
      <subfield code="e">Paper</subfield>
    </datafield>
    <datafield tag="351" ind1=" " ind2=" ">
      <subfield code="a">Band in bruin leder ; goud gestempelde rug met titel &quot;Logica&quot;</subfield>
    </datafield>
    <datafield tag="500" ind1=" " ind2=" ">
      <subfield code="a">3 colophons</subfield>
    </datafield>
    <datafield tag="500" ind1=" " ind2=" ">
      <subfield code="a">Colophon on f. 93v reads : Finis 17a mai</subfield>
    </datafield>
    <datafield tag="500" ind1=" " ind2=" ">
      <subfield code="a">Colophon on f. 132r reads : Finis p[ri]mae partis Logicæ</subfield>
    </datafield>
    <datafield tag="500" ind1=" " ind2=" ">
      <subfield code="a">Colophon on f. 194r reads : Finis 2 Aprilis 1757</subfield>
    </datafield>
    <datafield tag="505" ind1="0" ind2=" ">
      <subfield code="a">Logica realis</subfield>
      <subfield code="g">f. 2r-93v</subfield>
    </datafield>
    <datafield tag="505" ind1="0" ind2=" ">
      <subfield code="a">* Pars prima De prima mentis operatione</subfield>
      <subfield code="g">f. 2r-29r</subfield>
    </datafield>
    <datafield tag="505" ind1="0" ind2=" ">
      <subfield code="a">** Paragraphus primus De idearum natura</subfield>
      <subfield code="g">f. 2r-?</subfield>
    </datafield>
    <datafield tag="505" ind1="0" ind2=" ">
      <subfield code="a">** [Paragraphus secundus De variis idearum divisionibus]</subfield>
      <subfield code="g">f. ?-17v</subfield>
    </datafield>
    <datafield tag="505" ind1="0" ind2=" ">
      <subfield code="a">** Paragraphus tertius De claritate idearum</subfield>
      <subfield code="g">f. 17r-18r</subfield>
    </datafield>
    <datafield tag="505" ind1="0" ind2=" ">
      <subfield code="a">** Paragraphus quartus De ideis abstractis et usalibus porfilii</subfield>
      <subfield code="g">f. 18r-21r</subfield>
    </datafield>
    <datafield tag="505" ind1="0" ind2=" ">
      <subfield code="a">** Paragraphus quintus De praedicamentis et cathegoreis</subfield>
      <subfield code="g">f. 21r-25v</subfield>
    </datafield>
    <datafield tag="505" ind1="0" ind2=" ">
      <subfield code="a">** Paragraphus sextum De accidentibus in generali</subfield>
      <subfield code="g">f. 25v-29r</subfield>
    </datafield>
    <datafield tag="505" ind1="0" ind2=" ">
      <subfield code="a">* Logicae realis pars secunda De secunda mentis operatione seu judicio</subfield>
      <subfield code="g">f. 29r-60r</subfield>
    </datafield>
    <datafield tag="505" ind1="0" ind2=" ">
      <subfield code="a">** Paragraphus primus De essensia judicii</subfield>
      <subfield code="g">f. 29r-32r</subfield>
    </datafield>
    <datafield tag="505" ind1="0" ind2=" ">
      <subfield code="a">** Paragraphus secundus De divisione judiciorum</subfield>
      <subfield code="g">f. 32r-36r</subfield>
    </datafield>
    <datafield tag="505" ind1="0" ind2=" ">
      <subfield code="a">** Paragraphus tertius De veritatis criterio</subfield>
      <subfield code="g">f. 36r-37r</subfield>
    </datafield>
    <datafield tag="505" ind1="0" ind2=" ">
      <subfield code="a">** Paragraphus quartus De evidentia moralis fundamentis</subfield>
      <subfield code="g">f. 37r-40r</subfield>
    </datafield>
    <datafield tag="505" ind1="0" ind2=" ">
      <subfield code="a">** Paragraphus quintus De variis gradibus certitudinis</subfield>
      <subfield code="g">f. 40r-46r</subfield>
    </datafield>
    <datafield tag="505" ind1="0" ind2=" ">
      <subfield code="a">** Paragraphus sextus De fide et scientia ad opinionem conparatis</subfield>
      <subfield code="g">f. 46r-48v</subfield>
    </datafield>
    <datafield tag="505" ind1="0" ind2=" ">
      <subfield code="a">** Paragraphus septimus De firmitate et prudentia assensus</subfield>
      <subfield code="g">f. 48v-53r</subfield>
    </datafield>
    <datafield tag="505" ind1="0" ind2=" ">
      <subfield code="a">** Paragraphus octavus De ascensu mentis constitutae in opiniones probabiles</subfield>
      <subfield code="g">f. 53r-56v</subfield>
    </datafield>
    <datafield tag="505" ind1="0" ind2=" ">
      <subfield code="a">** Paragraphus nonus De errorum causis et remediis</subfield>
      <subfield code="g">f. 56v-60r</subfield>
    </datafield>
    <datafield tag="505" ind1="0" ind2=" ">
      <subfield code="a">* Logicae realis pars tertia  De tertia mentis operatione sive de discursu</subfield>
      <subfield code="g">f. 60r-91r</subfield>
    </datafield>
    <datafield tag="505" ind1="0" ind2=" ">
      <subfield code="a">** Paragraphus primus De natura discursus</subfield>
      <subfield code="g">f. 60r-62r</subfield>
    </datafield>
    <datafield tag="505" ind1="0" ind2=" ">
      <subfield code="a">** Paragraphus secundus De variis argumentatorum speciebus</subfield>
      <subfield code="g">f. 62r-63v</subfield>
    </datafield>
    <datafield tag="505" ind1="0" ind2=" ">
      <subfield code="a">** Paragraphus  tertius De conversione in terminis</subfield>
      <subfield code="g">f. 63v-66r</subfield>
    </datafield>
    <datafield tag="505" ind1="0" ind2=" ">
      <subfield code="a">** Paragraphus quartus De regulis sillogismorum animo, de figuris et modis silllogisteis</subfield>
      <subfield code="g">f. 66r-74r</subfield>
    </datafield>
    <datafield tag="505" ind1="0" ind2=" ">
      <subfield code="a">** Paragraphus quartus [= quintus] De regulis specialibus sillogismorum</subfield>
      <subfield code="g">f. 74r-75v</subfield>
    </datafield>
    <datafield tag="505" ind1="0" ind2=" ">
      <subfield code="a">** Paragraphus quintus  [= sextus] De sillogismis conjunctivis</subfield>
      <subfield code="g">f. 75v-78r</subfield>
    </datafield>
    <datafield tag="505" ind1="0" ind2=" ">
      <subfield code="a">** Paragraphus sextus  [= septimus] De reductione sillogismorum inperfectorum ad perfectos</subfield>
      <subfield code="g">f. 78r-81r</subfield>
    </datafield>
    <datafield tag="505" ind1="0" ind2=" ">
      <subfield code="a">** Paragraphus septimus   [= octavus ] De reductione  entimematum ad sillogismos in modis nominatis</subfield>
      <subfield code="g">f. 81r-83r</subfield>
    </datafield>
    <datafield tag="505" ind1="0" ind2=" ">
      <subfield code="a">** Paragraphus octavus   [= nonus ]  De reliquis modis sillogisticis</subfield>
      <subfield code="g">f. 83r-91r</subfield>
    </datafield>
    <datafield tag="505" ind1="0" ind2=" ">
      <subfield code="a">* Logicae realis pars ultima De methodo</subfield>
      <subfield code="g">f. 91r-93v</subfield>
    </datafield>
    <datafield tag="505" ind1="0" ind2=" ">
      <subfield code="a">**  De methodo analitica</subfield>
      <subfield code="g">f. 91v-93r</subfield>
    </datafield>
    <datafield tag="505" ind1="0" ind2=" ">
      <subfield code="a">** De methodo synthetica</subfield>
      <subfield code="g">f. 93r-93v</subfield>
    </datafield>
    <datafield tag="505" ind1="0" ind2=" ">
      <subfield code="a">Logica sermocinalis</subfield>
      <subfield code="g">f. 95r-202v</subfield>
    </datafield>
    <datafield tag="505" ind1="0" ind2=" ">
      <subfield code="a">* Praefatio</subfield>
      <subfield code="g">f. 96r</subfield>
    </datafield>
    <datafield tag="505" ind1="0" ind2=" ">
      <subfield code="a">** Tractatus primus De instrumentis sciendi</subfield>
      <subfield code="g">f. 96r-108r</subfield>
    </datafield>
    <datafield tag="505" ind1="0" ind2=" ">
      <subfield code="a">* Logicae sermocinalis pars prima  De signis quibus exprimitur prima mentis operatio</subfield>
      <subfield code="g">f. 108r-139r</subfield>
    </datafield>
    <datafield tag="505" ind1="0" ind2=" ">
      <subfield code="a">** Caput primum De signis in generali eorumque divisonibus</subfield>
      <subfield code="g">f. 108r-113v</subfield>
    </datafield>
    <datafield tag="505" ind1="0" ind2=" ">
      <subfield code="a">** Caput secundum De vocibus et earum divisone</subfield>
      <subfield code="g">f. 113v-122v</subfield>
    </datafield>
    <datafield tag="505" ind1="0" ind2=" ">
      <subfield code="a">** Caput tertium De affectionibus vocum</subfield>
      <subfield code="g">f. 122v-132r</subfield>
    </datafield>
    <datafield tag="505" ind1="0" ind2=" ">
      <subfield code="a">** Quaestiones in primam partem Logicae [sermocinalis]</subfield>
      <subfield code="g">f. 132v-139r</subfield>
    </datafield>
    <datafield tag="505" ind1="0" ind2=" ">
      <subfield code="a">* Logicae sermocinalis pars secunda De iis quibus exprimitur secunda mentis operatio</subfield>
      <subfield code="g">f.139v-178r</subfield>
    </datafield>
    <datafield tag="505" ind1="0" ind2=" ">
      <subfield code="a">** Caput  primum  De enuntiationibus generatim variis ipsarum divionibus et proprietatibus</subfield>
      <subfield code="g">f. 139v-142v</subfield>
    </datafield>
    <datafield tag="505" ind1="0" ind2=" ">
      <subfield code="a">** Caput secundum De variis propositionum speciebus</subfield>
      <subfield code="g">f. 142v-158v</subfield>
    </datafield>
    <datafield tag="505" ind1="0" ind2=" ">
      <subfield code="a">** Caput tertium De propositionum proprietatibus secundum se</subfield>
      <subfield code="g">f. 158v-178r</subfield>
    </datafield>
    <datafield tag="505" ind1="0" ind2=" ">
      <subfield code="a">* Pars tertia De iis a tertiae mentis operationi</subfield>
      <subfield code="g">f. 178r-194r</subfield>
    </datafield>
    <datafield tag="505" ind1="0" ind2=" ">
      <subfield code="a">** Caput primum De locis topicis magis famosis</subfield>
      <subfield code="g">f. 178r-186r</subfield>
    </datafield>
    <datafield tag="505" ind1="0" ind2=" ">
      <subfield code="a">**  Caput secundum De locis topicis minus famosis</subfield>
      <subfield code="g">f. 186v-194r</subfield>
    </datafield>
    <datafield tag="505" ind1="0" ind2=" ">
      <subfield code="a">*  Exercitationes in secundam partem</subfield>
      <subfield code="g">f. 195r-202v</subfield>
    </datafield>
    <datafield tag="544" ind1=" " ind2=" ">
      <subfield code="a">Louvain-la-Neuve, Archives de l'Université catholique de Louvain</subfield>
      <subfield code="b">Ms. C145</subfield>
    </datafield>
    <datafield tag="546" ind1=" " ind2=" ">
      <subfield code="a">Latin</subfield>
    </datafield>
    <datafield tag="653" ind1=" " ind2="6">
      <subfield code="a">Manuscripts</subfield>
    </datafield>
    <datafield tag="653" ind1=" " ind2="6">
      <subfield code="a">Lecture notes</subfield>
    </datafield>
    <datafield tag="700" ind1="1" ind2=" ">
      <subfield code="a">Page, Martinus</subfield>
      <subfield code="d">†1761</subfield>
      <subfield code="3">professor primarius</subfield>
      <subfield code="4">pfs</subfield>
    </datafield>
    <datafield tag="700" ind1="1" ind2=" ">
      <subfield code="a">Bultot, Joannes Baptista</subfield>
      <subfield code="3">professor secundarius</subfield>
      <subfield code="4">pfs</subfield>
    </datafield>
    <datafield tag="700" ind1="1" ind2=" ">
      <subfield code="a">Lambillon, Joannes Josephus</subfield>
      <subfield code="4">stu</subfield>
    </datafield>
    <datafield tag="700" ind1="1" ind2=" ">
      <subfield code="a">Verhoeven, Joannes</subfield>
      <subfield code="g">engraver</subfield>
      <subfield code="4">egr</subfield>
    </datafield>
    <datafield tag="700" ind1="1" ind2=" ">
      <subfield code="a">Denique, Petrus Augustinus</subfield>
      <subfield code="4">egr</subfield>
    </datafield>
    <datafield tag="830" ind1=" " ind2="0">
      <subfield code="a">Topica</subfield>
    </datafield>
    <datafield tag="830" ind1=" " ind2="0">
      <subfield code="a">De vocibus</subfield>
    </datafield>
    <datafield tag="830" ind1=" " ind2="0">
      <subfield code="a">De signo</subfield>
    </datafield>
    <datafield tag="830" ind1=" " ind2="0">
      <subfield code="a">De propositionibus</subfield>
    </datafield>
    <datafield tag="830" ind1=" " ind2="0">
      <subfield code="a">De methodo</subfield>
    </datafield>
    <datafield tag="830" ind1=" " ind2="0">
      <subfield code="a">De iudicio</subfield>
    </datafield>
    <datafield tag="830" ind1=" " ind2="0">
      <subfield code="a">De instrumentis sciendi</subfield>
    </datafield>
    <datafield tag="830" ind1=" " ind2="0">
      <subfield code="a">De ideis</subfield>
    </datafield>
    <datafield tag="830" ind1=" " ind2="0">
      <subfield code="a">De enuntiatione</subfield>
    </datafield>
    <datafield tag="830" ind1=" " ind2="0">
      <subfield code="a">De discursu</subfield>
    </datafield>
    <datafield tag="856" ind1="4" ind2="0">
      <subfield code="u">http://resolver.lias.be/get_pid?view&amp;usagetype=VIEW_MAIN,VIEW&amp;pid=3343631</subfield>
      <subfield code="y">Online version in LIAS</subfield>
    </datafield>
    <datafield tag="852" ind1=" " ind2=" ">
      <subfield code="8">22359071390001488</subfield>
      <subfield code="b">BIBC</subfield>
      <subfield code="c">BRES</subfield>
      <subfield code="l">UCL</subfield>
    </datafield>
    <datafield tag="900" ind1=" " ind2=" ">
      <subfield code="a">CONSOLIDATED RECORD</subfield>
    </datafield>
    <datafield tag="950" ind1=" " ind2=" ">
      <subfield code="a">f. 1r :</subfield>
      <subfield code="b">engraved titlepage</subfield>
      <subfield code="c">Porcvs alit doctos, with Plato and Aristoteles and image of the Univeristy hall  (Ioan Verhoeuen fecit. Lovanii)</subfield>
    </datafield>
    <datafield tag="950" ind1=" " ind2=" ">
      <subfield code="a">f. 95r :</subfield>
      <subfield code="b">engraved titlepage</subfield>
      <subfield code="c">Vivat Porcus (Apud P. Denique Lovanii.)</subfield>
    </datafield>
    <datafield tag="952" ind1=" " ind2=" ">
      <subfield code="d">Leuven (Louvain)</subfield>
      <subfield code="e">Pedagogie Het Varken</subfield>
      <subfield code="0">(ODIS-ORG)35504</subfield>
      <subfield code="f">Faculty of Arts, Paedagogium Porci</subfield>
    </datafield>
    <datafield tag="953" ind1=" " ind2=" ">
      <subfield code="b">1701-1800</subfield>
    </datafield>
    <datafield tag="996" ind1=" " ind2=" ">
      <subfield code="a">UCL</subfield>
      <subfield code="b">physical</subfield>
      <subfield code="c">201509</subfield>
      <subfield code="d">Lectio Magister dixit</subfield>
    </datafield>
  </record>