
  <record>
    <leader>07269ntm a2201453 u 4500</leader>
    <controlfield tag="001">9992134347801488</controlfield>
    <controlfield tag="005">20151130135737.0</controlfield>
    <controlfield tag="008">150326m16251626xx      |     000 0 lat c</controlfield>
    <datafield tag="035" ind1=" " ind2=" ">
      <subfield code="a">(BeLVLBS)9992179412901471</subfield>
    </datafield>
    <datafield tag="035" ind1=" " ind2=" ">
      <subfield code="a">(EXLNZ-32KUL_LIBIS_NETWORK)9992179412901471</subfield>
    </datafield>
    <datafield tag="245" ind1="0" ind2="0">
      <subfield code="a">Logica</subfield>
    </datafield>
    <datafield tag="246" ind1="1" ind2="3">
      <subfield code="a">Dictata magis principalia sub Doctissimo Dno Dno ac Magistro Henrico Paridano S.T. Doctorando nec non Philiæ in Pædagogio Porcensis Professore Primario scribebat Antonius Verherent anno 1.6.25.</subfield>
    </datafield>
    <datafield tag="246" ind1="1" ind2="3">
      <subfield code="a">Dictata magis principalia sub doctissimo D[omi]no D[omi]no ac Magistro Henrico Paridano S.T. doctorando nec non phil[osoph]iae in paedagogio Porcensis professore primario. Scribebat Antonius Verherent anno 1625</subfield>
    </datafield>
    <datafield tag="246" ind1="1" ind2="3">
      <subfield code="a">Dictata Minus Principalia sub Doctissimo D.no  D.no  ac Magistro Henrico Gaiffier Namurcen. S.T.L. nec non philosophiæ In celeberrimo Pædagogio Porcj Professore Secundario. Lovanij Scribebat Antonius Verherent Buscoducensis .anno. 1.6.26.</subfield>
    </datafield>
    <datafield tag="246" ind1="1" ind2="3">
      <subfield code="a">Dictata minus principalia sub doctissimo D[omi]no  D[omi]no ac  magistro Henrico Gaiffier Namurcen. S.T.L. nec non philosophiae in celeberrimo paedagogio Porci professore secundario. Lovanij scribebat Antonius Verherent Buscoducensis anno 1626</subfield>
    </datafield>
    <datafield tag="264" ind1=" " ind2="1">
      <subfield code="c">1625-1626</subfield>
    </datafield>
    <datafield tag="300" ind1=" " ind2=" ">
      <subfield code="a">466 f.</subfield>
      <subfield code="b">ill.</subfield>
      <subfield code="c">198 x 160  mm.</subfield>
    </datafield>
    <datafield tag="300" ind1=" " ind2=" ">
      <subfield code="a">Parchment binding ; 4 new white leather ties ; restored</subfield>
    </datafield>
    <datafield tag="336" ind1=" " ind2=" ">
      <subfield code="a">text</subfield>
      <subfield code="2">rdacontent</subfield>
    </datafield>
    <datafield tag="337" ind1=" " ind2=" ">
      <subfield code="a">unmediated</subfield>
      <subfield code="2">rdamedia</subfield>
    </datafield>
    <datafield tag="338" ind1=" " ind2=" ">
      <subfield code="a">volume</subfield>
      <subfield code="2">rdacarrier</subfield>
    </datafield>
    <datafield tag="340" ind1=" " ind2=" ">
      <subfield code="e">Paper</subfield>
    </datafield>
    <datafield tag="351" ind1=" " ind2=" ">
      <subfield code="a">Band in perkament ; 4 nieuwe witte leren veters ; gerestaureerd</subfield>
    </datafield>
    <datafield tag="500" ind1=" " ind2=" ">
      <subfield code="a">Title created by cataloguer</subfield>
    </datafield>
    <datafield tag="500" ind1=" " ind2=" ">
      <subfield code="a">4 colophons</subfield>
    </datafield>
    <datafield tag="500" ind1=" " ind2=" ">
      <subfield code="a">Colophon on f. 50r reads : Finis Porphyrij</subfield>
    </datafield>
    <datafield tag="500" ind1=" " ind2=" ">
      <subfield code="a">Colophon on f. 274r  reads : Hic scribendo finis impositus anno 1.6.25. mensis julij die vicesimo primo</subfield>
    </datafield>
    <datafield tag="500" ind1=" " ind2=" ">
      <subfield code="a">Colophon on f. 320r reads : Finis Prodidagmatum</subfield>
    </datafield>
    <datafield tag="500" ind1=" " ind2=" ">
      <subfield code="a">Colophon on f. 461v reads : Hic scribendo finis impositus e[st] 4.a julij. anno 1.6.25.</subfield>
    </datafield>
    <datafield tag="500" ind1=" " ind2=" ">
      <subfield code="a">Many notes on f. 466v</subfield>
    </datafield>
    <datafield tag="500" ind1=" " ind2=" ">
      <subfield code="a">f. 462-463 and f. 465 are missing</subfield>
    </datafield>
    <datafield tag="500" ind1=" " ind2=" ">
      <subfield code="a">f. 398-399 and f. 421 are out of place</subfield>
    </datafield>
    <datafield tag="505" ind1="0" ind2=" ">
      <subfield code="a">Dictata magis principalia</subfield>
      <subfield code="g">f. 2r-274r</subfield>
    </datafield>
    <datafield tag="505" ind1="0" ind2=" ">
      <subfield code="a">* Prolegomena quaedam ante explicationem logicae</subfield>
      <subfield code="g">f. 2r-7r</subfield>
    </datafield>
    <datafield tag="505" ind1="0" ind2=" ">
      <subfield code="a">* Quod sit obiectum Isagoges Porphyrianae</subfield>
      <subfield code="g">f. 7v-50v</subfield>
    </datafield>
    <datafield tag="505" ind1="0" ind2=" ">
      <subfield code="a">**In caput  prooemiale Porphyrii</subfield>
      <subfield code="g">f. 15r</subfield>
    </datafield>
    <datafield tag="505" ind1="0" ind2=" ">
      <subfield code="a">** Caput secundum De genere</subfield>
      <subfield code="g">f. 15v-17v</subfield>
    </datafield>
    <datafield tag="505" ind1="0" ind2=" ">
      <subfield code="a">** Caput tertium De specie</subfield>
      <subfield code="g">f. 17v-32v</subfield>
    </datafield>
    <datafield tag="505" ind1="0" ind2=" ">
      <subfield code="a">** Caput quartum De differentia</subfield>
      <subfield code="g">f. 32v-40v</subfield>
    </datafield>
    <datafield tag="505" ind1="0" ind2=" ">
      <subfield code="a">** Caput quintum De proprio</subfield>
      <subfield code="g">f. 40v-45r</subfield>
    </datafield>
    <datafield tag="505" ind1="0" ind2=" ">
      <subfield code="a">** Caput sextum De accidente</subfield>
      <subfield code="g">f. 45r-50v</subfield>
    </datafield>
    <datafield tag="505" ind1="0" ind2=" ">
      <subfield code="a">* Liber praedicamentorum Aristotelis</subfield>
      <subfield code="g">f. 51r-159v</subfield>
    </datafield>
    <datafield tag="505" ind1="0" ind2=" ">
      <subfield code="a">**  De aequivocis</subfield>
      <subfield code="g">f. 52r-74v</subfield>
    </datafield>
    <datafield tag="505" ind1="0" ind2=" ">
      <subfield code="a">** Divisio praedicamentalis</subfield>
      <subfield code="g">f. 74v-129r</subfield>
    </datafield>
    <datafield tag="505" ind1="0" ind2=" ">
      <subfield code="a">*** Caput primum De substantia</subfield>
      <subfield code="g">f. 80v-90v</subfield>
    </datafield>
    <datafield tag="505" ind1="0" ind2=" ">
      <subfield code="a">*** Caput secundum De quantitate</subfield>
      <subfield code="g">f. 90v-103v</subfield>
    </datafield>
    <datafield tag="505" ind1="0" ind2=" ">
      <subfield code="a">*** Caput tertium De ad aliquid</subfield>
      <subfield code="g">f. 103v-113v</subfield>
    </datafield>
    <datafield tag="505" ind1="0" ind2=" ">
      <subfield code="a">*** Caput [quartum] De qualitate</subfield>
      <subfield code="g">f. 113v-127v</subfield>
    </datafield>
    <datafield tag="505" ind1="0" ind2=" ">
      <subfield code="a">*** [Caput quintum] De actione et passione</subfield>
      <subfield code="g">f. 127v-129r</subfield>
    </datafield>
    <datafield tag="505" ind1="0" ind2=" ">
      <subfield code="a">** De postpraedicamentis</subfield>
      <subfield code="g">f. 129r-159v</subfield>
    </datafield>
    <datafield tag="505" ind1="0" ind2=" ">
      <subfield code="a">***  De repugnantibus</subfield>
      <subfield code="g">f. 129r-139r</subfield>
    </datafield>
    <datafield tag="505" ind1="0" ind2=" ">
      <subfield code="a">*** [De oppositionibus]</subfield>
      <subfield code="g">f. 139r-147v</subfield>
    </datafield>
    <datafield tag="505" ind1="0" ind2=" ">
      <subfield code="a">***  De contrariis</subfield>
      <subfield code="g">f. 147v-159r</subfield>
    </datafield>
    <datafield tag="505" ind1="0" ind2=" ">
      <subfield code="a">*** De modis prioris et posterioris</subfield>
      <subfield code="g">f. 159r-159v</subfield>
    </datafield>
    <datafield tag="505" ind1="0" ind2=" ">
      <subfield code="a">* Libri priorum</subfield>
      <subfield code="g">f. 160r-236r</subfield>
    </datafield>
    <datafield tag="505" ind1="0" ind2=" ">
      <subfield code="a">** [Liber primus]</subfield>
      <subfield code="g">f. 160r-227r</subfield>
    </datafield>
    <datafield tag="505" ind1="0" ind2=" ">
      <subfield code="a">*** Caput primum De propositionis</subfield>
      <subfield code="g">f. 161r-166r</subfield>
    </datafield>
    <datafield tag="505" ind1="0" ind2=" ">
      <subfield code="a">*** [Caput secundum]  De syllogismo</subfield>
      <subfield code="g">f. 166r-180r</subfield>
    </datafield>
    <datafield tag="505" ind1="0" ind2=" ">
      <subfield code="a">*** Caput tertium De conversione modalium</subfield>
      <subfield code="g">f. 180r-182r</subfield>
    </datafield>
    <datafield tag="505" ind1="0" ind2=" ">
      <subfield code="a">*** Caput quartum</subfield>
      <subfield code="g">f. 182v-192v</subfield>
    </datafield>
    <datafield tag="505" ind1="0" ind2=" ">
      <subfield code="a">*** [Caput quintum] De figura et modo</subfield>
      <subfield code="g">f. 192v-203r</subfield>
    </datafield>
    <datafield tag="505" ind1="0" ind2=" ">
      <subfield code="a">*** Caput septimum</subfield>
      <subfield code="g">f. 203r-222v</subfield>
    </datafield>
    <datafield tag="505" ind1="0" ind2=" ">
      <subfield code="a">*** Caput undecimum De contingenti</subfield>
      <subfield code="g">f. 222v-227r</subfield>
    </datafield>
    <datafield tag="505" ind1="0" ind2=" ">
      <subfield code="a">** Liber secundus  priorum</subfield>
      <subfield code="g">f. 227v-236r</subfield>
    </datafield>
    <datafield tag="505" ind1="0" ind2=" ">
      <subfield code="a">***  Caput primum [- quartum]</subfield>
      <subfield code="g">f. 227v-228r</subfield>
    </datafield>
    <datafield tag="505" ind1="0" ind2=" ">
      <subfield code="a">*** Caput vigesimum primum De fallacia secundum opinionem</subfield>
      <subfield code="g">f. 228r-234r</subfield>
    </datafield>
    <datafield tag="505" ind1="0" ind2=" ">
      <subfield code="a">*** Caput vigesimum quartum  et vigesimum septimum</subfield>
      <subfield code="g">f. 234r-236r</subfield>
    </datafield>
    <datafield tag="505" ind1="0" ind2=" ">
      <subfield code="a">* Libri posteriorum</subfield>
      <subfield code="g">f. 236v-274r</subfield>
    </datafield>
    <datafield tag="505" ind1="0" ind2=" ">
      <subfield code="a">** [Liber primus]</subfield>
      <subfield code="g">f. 236v-269r</subfield>
    </datafield>
    <datafield tag="505" ind1="0" ind2=" ">
      <subfield code="a">** Liber secundum posteriorum</subfield>
      <subfield code="g">f. 269v-274r</subfield>
    </datafield>
    <datafield tag="505" ind1="0" ind2=" ">
      <subfield code="a">Dictata minus principalia</subfield>
      <subfield code="g">f. 280r-461v</subfield>
    </datafield>
    <datafield tag="505" ind1="0" ind2=" ">
      <subfield code="a">*  Prodidagmata logices. prooemium</subfield>
      <subfield code="g">f. 281r-320r</subfield>
    </datafield>
    <datafield tag="505" ind1="0" ind2=" ">
      <subfield code="a">** Caput primum De voce in genere</subfield>
      <subfield code="g">f. 281r-285r</subfield>
    </datafield>
    <datafield tag="505" ind1="0" ind2=" ">
      <subfield code="a">** Caput secundum De acceptione in genere</subfield>
      <subfield code="g">f. 285r-306r</subfield>
    </datafield>
    <datafield tag="505" ind1="0" ind2=" ">
      <subfield code="a">** Caput tertium De ampliatione</subfield>
      <subfield code="g">f. 306v-313r</subfield>
    </datafield>
    <datafield tag="505" ind1="0" ind2=" ">
      <subfield code="a">** Caput quartum De determinatione</subfield>
      <subfield code="g">f. 313r-314v</subfield>
    </datafield>
    <datafield tag="505" ind1="0" ind2=" ">
      <subfield code="a">** Caput quintum De appellatione</subfield>
      <subfield code="g">f. 314v-315v</subfield>
    </datafield>
    <datafield tag="505" ind1="0" ind2=" ">
      <subfield code="a">** Caput sextum De expositione</subfield>
      <subfield code="g">f. 316r-320r</subfield>
    </datafield>
    <datafield tag="505" ind1="0" ind2=" ">
      <subfield code="a">* Tractatus de De definitione et divisione</subfield>
      <subfield code="g">f. 320r-324v</subfield>
    </datafield>
    <datafield tag="505" ind1="0" ind2=" ">
      <subfield code="a">* Prooemium in libros  de interpretatione</subfield>
      <subfield code="g">f. 325r-377r</subfield>
    </datafield>
    <datafield tag="505" ind1="0" ind2=" ">
      <subfield code="a">** [Liber primus]</subfield>
      <subfield code="g">f. 326r-368r</subfield>
    </datafield>
    <datafield tag="505" ind1="0" ind2=" ">
      <subfield code="a">*** Caput primum [De signo]</subfield>
      <subfield code="g">f. 326r-339r</subfield>
    </datafield>
    <datafield tag="505" ind1="0" ind2=" ">
      <subfield code="a">*** Caput secundum De nomine</subfield>
      <subfield code="g">f. 339r-341v</subfield>
    </datafield>
    <datafield tag="505" ind1="0" ind2=" ">
      <subfield code="a">*** Caput tertium De verbo</subfield>
      <subfield code="g">f. 342r-345r</subfield>
    </datafield>
    <datafield tag="505" ind1="0" ind2=" ">
      <subfield code="a">*** Caput quartum De oratione</subfield>
      <subfield code="g">f. 345r-359v</subfield>
    </datafield>
    <datafield tag="505" ind1="0" ind2=" ">
      <subfield code="a">*** Caput quintum</subfield>
      <subfield code="g">f. 359v-368r</subfield>
    </datafield>
    <datafield tag="505" ind1="0" ind2=" ">
      <subfield code="a">** Liber secundus seu De interpretatione</subfield>
      <subfield code="g">f. 368v-377r</subfield>
    </datafield>
    <datafield tag="505" ind1="0" ind2=" ">
      <subfield code="a">* Prooemium in libros  topicorum</subfield>
      <subfield code="g">f. 377v-450v</subfield>
    </datafield>
    <datafield tag="505" ind1="0" ind2=" ">
      <subfield code="a">** Liber primus</subfield>
      <subfield code="g">f. 378r-412v</subfield>
    </datafield>
    <datafield tag="505" ind1="0" ind2=" ">
      <subfield code="a">** Liber secundus topicorum</subfield>
      <subfield code="g">f. 412v-450v</subfield>
    </datafield>
    <datafield tag="505" ind1="0" ind2=" ">
      <subfield code="a">* Libri elenchorum Aristotelis</subfield>
      <subfield code="g">f. 450v-461v</subfield>
    </datafield>
    <datafield tag="544" ind1=" " ind2=" ">
      <subfield code="a">Louvain-la-Neuve, Archives de l'Université catholique de Louvain</subfield>
      <subfield code="b">Ms. C86</subfield>
    </datafield>
    <datafield tag="546" ind1=" " ind2=" ">
      <subfield code="a">Latin</subfield>
    </datafield>
    <datafield tag="653" ind1=" " ind2="6">
      <subfield code="a">Manuscripts</subfield>
    </datafield>
    <datafield tag="653" ind1=" " ind2="6">
      <subfield code="a">Lecture notes</subfield>
    </datafield>
    <datafield tag="700" ind1="1" ind2=" ">
      <subfield code="a">Paridanus, Henricus</subfield>
      <subfield code="4">pfs</subfield>
      <subfield code="3">professor primarius</subfield>
    </datafield>
    <datafield tag="700" ind1="1" ind2=" ">
      <subfield code="a">Gaiffier, Henricus</subfield>
      <subfield code="4">pfs</subfield>
      <subfield code="3">professor secundarius</subfield>
    </datafield>
    <datafield tag="700" ind1="1" ind2=" ">
      <subfield code="a">Verherent, Antonius</subfield>
      <subfield code="4">stu</subfield>
    </datafield>
    <datafield tag="700" ind1="1" ind2=" ">
      <subfield code="a">Haye, Michael</subfield>
      <subfield code="d">?-1676</subfield>
      <subfield code="g">Flemish printmaker, draftsman and publisher</subfield>
      <subfield code="4">egr</subfield>
    </datafield>
    <datafield tag="830" ind1=" " ind2="0">
      <subfield code="a">Topica</subfield>
    </datafield>
    <datafield tag="830" ind1=" " ind2="0">
      <subfield code="a">Sophistici elenchi</subfield>
    </datafield>
    <datafield tag="830" ind1=" " ind2="0">
      <subfield code="a">Prooemium in logicam</subfield>
    </datafield>
    <datafield tag="830" ind1=" " ind2="0">
      <subfield code="a">Prolegomena philosophiae</subfield>
    </datafield>
    <datafield tag="830" ind1=" " ind2="0">
      <subfield code="a">Prodidagmata in logicam</subfield>
    </datafield>
    <datafield tag="830" ind1=" " ind2="0">
      <subfield code="a">Praedicamenta</subfield>
    </datafield>
    <datafield tag="830" ind1=" " ind2="0">
      <subfield code="a">Praedicabilia</subfield>
    </datafield>
    <datafield tag="830" ind1=" " ind2="0">
      <subfield code="a">Peri hermeneias</subfield>
    </datafield>
    <datafield tag="830" ind1=" " ind2="0">
      <subfield code="a">Isagoge</subfield>
    </datafield>
    <datafield tag="830" ind1=" " ind2="0">
      <subfield code="a">De sophisticis elenchis</subfield>
    </datafield>
    <datafield tag="830" ind1=" " ind2="0">
      <subfield code="a">De interpretatione</subfield>
    </datafield>
    <datafield tag="830" ind1=" " ind2="0">
      <subfield code="a">De determinatione</subfield>
    </datafield>
    <datafield tag="830" ind1=" " ind2="0">
      <subfield code="a">De definitione et divisione</subfield>
    </datafield>
    <datafield tag="830" ind1=" " ind2="0">
      <subfield code="a">De appellatione</subfield>
    </datafield>
    <datafield tag="830" ind1=" " ind2="0">
      <subfield code="a">De ampliatione</subfield>
    </datafield>
    <datafield tag="830" ind1=" " ind2="0">
      <subfield code="a">De acceptione</subfield>
    </datafield>
    <datafield tag="830" ind1=" " ind2="0">
      <subfield code="a">Categoriae</subfield>
    </datafield>
    <datafield tag="830" ind1=" " ind2="0">
      <subfield code="a">Analytica priora</subfield>
    </datafield>
    <datafield tag="830" ind1=" " ind2="0">
      <subfield code="a">Analytica posteriora</subfield>
    </datafield>
    <datafield tag="856" ind1="4" ind2="0">
      <subfield code="u">http://resolver.lias.be/get_pid?view&amp;usagetype=VIEW_MAIN,VIEW&amp;pid=3329531</subfield>
      <subfield code="y">Online version in LIAS</subfield>
    </datafield>
    <datafield tag="852" ind1=" " ind2=" ">
      <subfield code="8">22358797260001488</subfield>
      <subfield code="b">BIBC</subfield>
      <subfield code="c">BRES</subfield>
      <subfield code="l">UCL</subfield>
    </datafield>
    <datafield tag="900" ind1=" " ind2=" ">
      <subfield code="a">CONSOLIDATED RECORD</subfield>
    </datafield>
    <datafield tag="950" ind1=" " ind2=" ">
      <subfield code="a">f. 196r  :</subfield>
      <subfield code="b">engraving(s)</subfield>
      <subfield code="c">arbor Porphyrii (Apud Michaelem Hayé Lovany prope Prædictores Hybernos.)</subfield>
    </datafield>
    <datafield tag="950" ind1=" " ind2=" ">
      <subfield code="a">f.   197r :</subfield>
      <subfield code="b">engraving(s)</subfield>
      <subfield code="c">Tabvula oppositarvm (Apud Michaelem Hayé Lovany prope Prædicatores Hybernos)</subfield>
    </datafield>
    <datafield tag="952" ind1=" " ind2=" ">
      <subfield code="d">Leuven (Louvain)</subfield>
      <subfield code="e">Pedagogie Het Varken</subfield>
      <subfield code="0">(ODIS-ORG)35504</subfield>
      <subfield code="f">Faculty of Arts, Paedagogium Porci</subfield>
    </datafield>
    <datafield tag="953" ind1=" " ind2=" ">
      <subfield code="b">1601-1700</subfield>
    </datafield>
    <datafield tag="996" ind1=" " ind2=" ">
      <subfield code="a">UCL</subfield>
      <subfield code="b">physical</subfield>
      <subfield code="c">201509</subfield>
      <subfield code="d">Lectio Magister dixit</subfield>
    </datafield>
  </record>