
  <record>
    <leader>09038ntm a2201729 u 4500</leader>
    <controlfield tag="001">9992136545901488</controlfield>
    <controlfield tag="005">20151202154511.0</controlfield>
    <controlfield tag="008">150414s1698    xx      |     000 0 lat c</controlfield>
    <datafield tag="035" ind1=" " ind2=" ">
      <subfield code="a">(BeLVLBS)9992182218201471</subfield>
    </datafield>
    <datafield tag="035" ind1=" " ind2=" ">
      <subfield code="a">(EXLNZ-32KUL_LIBIS_NETWORK)9992182218201471</subfield>
    </datafield>
    <datafield tag="245" ind1="0" ind2="0">
      <subfield code="a">Logica</subfield>
    </datafield>
    <datafield tag="246" ind1="1" ind2="3">
      <subfield code="a">Dictatorum Logices Pars Prima scripta sub doctissimo Domino domino Ioanne Van den Hove ex Butsel Philospohiæ professore Primario in celererrimo pædagogio Castrensi a.° 1698</subfield>
    </datafield>
    <datafield tag="246" ind1="1" ind2="3">
      <subfield code="a">Dictatorum Logices Pars secunda scripta sub doctissimo Domino domino Gerardo Josepho Quareux Leodio Philosophiæ Professore secundario in Celeberrimo Pædagogio Castrensi</subfield>
    </datafield>
    <datafield tag="264" ind1=" " ind2="1">
      <subfield code="c">1698</subfield>
    </datafield>
    <datafield tag="300" ind1=" " ind2=" ">
      <subfield code="a">294 f.</subfield>
      <subfield code="c">215 x 160  mm.</subfield>
    </datafield>
    <datafield tag="300" ind1=" " ind2=" ">
      <subfield code="a">Brown leather binding ; gold tooled spine</subfield>
    </datafield>
    <datafield tag="336" ind1=" " ind2=" ">
      <subfield code="a">text</subfield>
      <subfield code="2">rdacontent</subfield>
    </datafield>
    <datafield tag="337" ind1=" " ind2=" ">
      <subfield code="a">unmediated</subfield>
      <subfield code="2">rdamedia</subfield>
    </datafield>
    <datafield tag="338" ind1=" " ind2=" ">
      <subfield code="a">volume</subfield>
      <subfield code="2">rdacarrier</subfield>
    </datafield>
    <datafield tag="340" ind1=" " ind2=" ">
      <subfield code="e">Paper</subfield>
    </datafield>
    <datafield tag="351" ind1=" " ind2=" ">
      <subfield code="a">Band in bruin leder ; goud gestempelde rug</subfield>
    </datafield>
    <datafield tag="500" ind1=" " ind2=" ">
      <subfield code="a">Title created by cataloguer</subfield>
    </datafield>
    <datafield tag="500" ind1=" " ind2=" ">
      <subfield code="a">2 colophons</subfield>
    </datafield>
    <datafield tag="500" ind1=" " ind2=" ">
      <subfield code="a">Colophon on f. 26v reads : Dictatorum Primæ  Partis Logices Finis.</subfield>
    </datafield>
    <datafield tag="500" ind1=" " ind2=" ">
      <subfield code="a">Colophon on f. 127r reads : Annotatorum Primæ Partis Logices Finis</subfield>
    </datafield>
    <datafield tag="500" ind1=" " ind2=" ">
      <subfield code="a">Note on flyleaf reads : Abrahamus Wagemakers Bre:danus a.° 1698 Nunc Novitius Parchensi A.° 1700</subfield>
    </datafield>
    <datafield tag="505" ind1="0" ind2=" ">
      <subfield code="a">Dictatorum logices pars prima</subfield>
      <subfield code="g">f. 1r-127r</subfield>
    </datafield>
    <datafield tag="505" ind1="0" ind2=" ">
      <subfield code="a">* Proemium in universam philosophiam</subfield>
      <subfield code="g">f. 2r-5v</subfield>
    </datafield>
    <datafield tag="505" ind1="0" ind2=" ">
      <subfield code="a">* Liber primus De prima mentis operatione</subfield>
      <subfield code="g">f. 5v-16v</subfield>
    </datafield>
    <datafield tag="505" ind1="0" ind2=" ">
      <subfield code="a">** De forma et subiecto</subfield>
      <subfield code="g">f. 6v-7r</subfield>
    </datafield>
    <datafield tag="505" ind1="0" ind2=" ">
      <subfield code="a">** De puro modo et retrictae entitatis</subfield>
      <subfield code="g">f. 7r-7v</subfield>
    </datafield>
    <datafield tag="505" ind1="0" ind2=" ">
      <subfield code="a">** De toto et parte</subfield>
      <subfield code="g">f. 7v-8r</subfield>
    </datafield>
    <datafield tag="505" ind1="0" ind2=" ">
      <subfield code="a">** De toto logico</subfield>
      <subfield code="g">f. 8r-9r</subfield>
    </datafield>
    <datafield tag="505" ind1="0" ind2=" ">
      <subfield code="a">** De toto physico</subfield>
      <subfield code="g">f. 9r-9v</subfield>
    </datafield>
    <datafield tag="505" ind1="0" ind2=" ">
      <subfield code="a">** De toto metaphysico</subfield>
      <subfield code="g">f. 9v</subfield>
    </datafield>
    <datafield tag="505" ind1="0" ind2=" ">
      <subfield code="a">** De toto essentiali accidentario</subfield>
      <subfield code="g">f. 9v-10r</subfield>
    </datafield>
    <datafield tag="505" ind1="0" ind2=" ">
      <subfield code="a">** De toto integrali</subfield>
      <subfield code="g">f. 10r-10v</subfield>
    </datafield>
    <datafield tag="505" ind1="0" ind2=" ">
      <subfield code="a">** De unione</subfield>
      <subfield code="g">f. 10v-11r</subfield>
    </datafield>
    <datafield tag="505" ind1="0" ind2=" ">
      <subfield code="a">** De ente unius naturae et composito per accidens</subfield>
      <subfield code="g">f. 11r-11v</subfield>
    </datafield>
    <datafield tag="505" ind1="0" ind2=" ">
      <subfield code="a">** De modis inexistendi $g f. 11v</subfield>
    </datafield>
    <datafield tag="505" ind1="0" ind2=" ">
      <subfield code="a">**  De distinctis generaliter et distinctione modali</subfield>
      <subfield code="g">f. 11v-12r</subfield>
    </datafield>
    <datafield tag="505" ind1="0" ind2=" ">
      <subfield code="a">** De universali</subfield>
      <subfield code="g">f. 12v-13r</subfield>
    </datafield>
    <datafield tag="505" ind1="0" ind2=" ">
      <subfield code="a">**  De subiicibili universalis, et  individuo</subfield>
      <subfield code="g">f. 13r-13v</subfield>
    </datafield>
    <datafield tag="505" ind1="0" ind2=" ">
      <subfield code="a">** De praedicamentis Aristotelis</subfield>
      <subfield code="g">f. 13v-14r</subfield>
    </datafield>
    <datafield tag="505" ind1="0" ind2=" ">
      <subfield code="a">** De praedicamento substaniae [quantitatis, qualitatis, relatione]</subfield>
      <subfield code="g">f. 14r-15v</subfield>
    </datafield>
    <datafield tag="505" ind1="0" ind2=" ">
      <subfield code="a">** De sex ultimis praedicamentis</subfield>
      <subfield code="g">f. 15v-16r</subfield>
    </datafield>
    <datafield tag="505" ind1="0" ind2=" ">
      <subfield code="a">** De repugnantibus realibus</subfield>
      <subfield code="g">f. 16r-16v</subfield>
    </datafield>
    <datafield tag="505" ind1="0" ind2=" ">
      <subfield code="a">* Liber secundus De secunda mentis operatione De iudicio]</subfield>
      <subfield code="g">f. 16v-21v</subfield>
    </datafield>
    <datafield tag="505" ind1="0" ind2=" ">
      <subfield code="a">**  Quid iudicium, item assensus et  dissensus generaliter</subfield>
      <subfield code="g">f. 16v-17v</subfield>
    </datafield>
    <datafield tag="505" ind1="0" ind2=" ">
      <subfield code="a">** Quaestiones aliquae disputabiles circa praecedentum materiam. Utrum iudicum sit actus intellectus, an voluntatis</subfield>
      <subfield code="g">f. 18r-19v</subfield>
    </datafield>
    <datafield tag="505" ind1="0" ind2=" ">
      <subfield code="a">** Tractatus secundus [De enuntiatione]</subfield>
      <subfield code="g">f. 19v-21v</subfield>
    </datafield>
    <datafield tag="505" ind1="0" ind2=" ">
      <subfield code="a">*** De enuntiaitone certa, dubia etc.</subfield>
      <subfield code="g">f. 19v-20v</subfield>
    </datafield>
    <datafield tag="505" ind1="0" ind2=" ">
      <subfield code="a">*** Qualis sit contradictoria, contraria, aut subcontraria unius certe, probabilis etc.</subfield>
      <subfield code="g">f. 20v-21r</subfield>
    </datafield>
    <datafield tag="505" ind1="0" ind2=" ">
      <subfield code="a">*** Quid requiratur certitudinem, probabilitatem etc. copulativae, disiunctivae etc.</subfield>
      <subfield code="g">f. 21r-21v</subfield>
    </datafield>
    <datafield tag="505" ind1="0" ind2=" ">
      <subfield code="a">* Liber tertius De tertia mentis operatione  [De argumentatione]</subfield>
      <subfield code="g">f. 21v-25v</subfield>
    </datafield>
    <datafield tag="505" ind1="0" ind2=" ">
      <subfield code="a">** Et specialiter de argumentatione formali</subfield>
      <subfield code="g">f. 21v-22v</subfield>
    </datafield>
    <datafield tag="505" ind1="0" ind2=" ">
      <subfield code="a">** De syllogismo</subfield>
      <subfield code="g">f. 22v-25v</subfield>
    </datafield>
    <datafield tag="505" ind1="0" ind2=" ">
      <subfield code="a">** Tractatus ultimus De fallacia et redargutione</subfield>
      <subfield code="g">f. 25v-26v</subfield>
    </datafield>
    <datafield tag="505" ind1="0" ind2=" ">
      <subfield code="a">* Annotata in primam logices partem</subfield>
      <subfield code="g">f. 27r-127r</subfield>
    </datafield>
    <datafield tag="505" ind1="0" ind2=" ">
      <subfield code="a">** Quid sit philosophia</subfield>
      <subfield code="g">f. 28r-32v</subfield>
    </datafield>
    <datafield tag="505" ind1="0" ind2=" ">
      <subfield code="a">** Liber primus</subfield>
      <subfield code="g">f. 32v-70v</subfield>
    </datafield>
    <datafield tag="505" ind1="0" ind2=" ">
      <subfield code="a">** Tractatus de praedicamentis</subfield>
      <subfield code="g">f. 70v-78r</subfield>
    </datafield>
    <datafield tag="505" ind1="0" ind2=" ">
      <subfield code="a">** Liber secundus De secunda mentis opeartione</subfield>
      <subfield code="g">f. 78r-89v</subfield>
    </datafield>
    <datafield tag="505" ind1="0" ind2=" ">
      <subfield code="a">** Tractatus secundus De enuntiatione certa, dubia, etc.</subfield>
      <subfield code="g">f. 90r-101r</subfield>
    </datafield>
    <datafield tag="505" ind1="0" ind2=" ">
      <subfield code="a">** Liber tertius De argumentatione</subfield>
      <subfield code="g">f. 101r-122v</subfield>
    </datafield>
    <datafield tag="505" ind1="0" ind2=" ">
      <subfield code="a">** Tractatus ultimus De fallacia et redargutione</subfield>
      <subfield code="g">f. 122v-127r</subfield>
    </datafield>
    <datafield tag="505" ind1="0" ind2=" ">
      <subfield code="a">Dictatorum logices pars secunda</subfield>
      <subfield code="g">f. 129r-294r</subfield>
    </datafield>
    <datafield tag="505" ind1="0" ind2=" ">
      <subfield code="a">*  Praefatio</subfield>
      <subfield code="g">f. 130r</subfield>
    </datafield>
    <datafield tag="505" ind1="0" ind2=" ">
      <subfield code="a">* Tractatus primus De instrumentis sciendi</subfield>
      <subfield code="g">f. 130v-133r</subfield>
    </datafield>
    <datafield tag="505" ind1="0" ind2=" ">
      <subfield code="a">** Caput primum De definitione</subfield>
      <subfield code="g">f. 130v-131r</subfield>
    </datafield>
    <datafield tag="505" ind1="0" ind2=" ">
      <subfield code="a">** Caput  secundum De divisione</subfield>
      <subfield code="g">f. 131r-131v</subfield>
    </datafield>
    <datafield tag="505" ind1="0" ind2=" ">
      <subfield code="a">** Caput tertium De argumentatione</subfield>
      <subfield code="g">f. 131v-133r</subfield>
    </datafield>
    <datafield tag="505" ind1="0" ind2=" ">
      <subfield code="a">* Tractatus secundus De signis</subfield>
      <subfield code="g">f. 133r-135r</subfield>
    </datafield>
    <datafield tag="505" ind1="0" ind2=" ">
      <subfield code="a">**  Caput primum De signo generaliter</subfield>
      <subfield code="g">f. 133r-134r</subfield>
    </datafield>
    <datafield tag="505" ind1="0" ind2=" ">
      <subfield code="a">**  Caput secundum De signo naturali et arbitrario</subfield>
      <subfield code="g">f. 134r-134v</subfield>
    </datafield>
    <datafield tag="505" ind1="0" ind2=" ">
      <subfield code="a">**  Caput  tertium De scriptura $g f. 134v-135r</subfield>
    </datafield>
    <datafield tag="505" ind1="0" ind2=" ">
      <subfield code="a">* Tractatus tertius De vocibus</subfield>
      <subfield code="g">f. 135r-164r</subfield>
    </datafield>
    <datafield tag="505" ind1="0" ind2=" ">
      <subfield code="a">** Caput primum De voce generaliter</subfield>
      <subfield code="g">f. 135r-135v</subfield>
    </datafield>
    <datafield tag="505" ind1="0" ind2=" ">
      <subfield code="a">** Caput secundum De significato vocis</subfield>
      <subfield code="g">f. 135v-136r</subfield>
    </datafield>
    <datafield tag="505" ind1="0" ind2=" ">
      <subfield code="a">** Caput tertium De voce simplici et complexa</subfield>
      <subfield code="g">f. 136r-136v</subfield>
    </datafield>
    <datafield tag="505" ind1="0" ind2=" ">
      <subfield code="a">** Caput quartum De voce concreta et abstracta</subfield>
      <subfield code="g">f. 136v</subfield>
    </datafield>
    <datafield tag="505" ind1="0" ind2=" ">
      <subfield code="a">** Caput quintum De voce univoca et aequivoca</subfield>
      <subfield code="g">f. 137r</subfield>
    </datafield>
    <datafield tag="505" ind1="0" ind2=" ">
      <subfield code="a">** Caput sextum De voce communi et singulari</subfield>
      <subfield code="g">f. 137r-137v</subfield>
    </datafield>
    <datafield tag="505" ind1="0" ind2=" ">
      <subfield code="a">** Caput septimum De voce finita et infinita</subfield>
      <subfield code="g">f. 137v</subfield>
    </datafield>
    <datafield tag="505" ind1="0" ind2=" ">
      <subfield code="a">** Caput octavum De habitudinis vocum</subfield>
      <subfield code="g">f. 138r-138v</subfield>
    </datafield>
    <datafield tag="505" ind1="0" ind2=" ">
      <subfield code="a">** Caput nonum De determinatione et determinabili</subfield>
      <subfield code="g">f. 138v-139r</subfield>
    </datafield>
    <datafield tag="505" ind1="0" ind2=" ">
      <subfield code="a">* Tractatus quartus De acceptionibus sive suppositionibus vocum</subfield>
      <subfield code="g">f. 139r-142r</subfield>
    </datafield>
    <datafield tag="505" ind1="0" ind2=" ">
      <subfield code="a">**  De acceptione generaliter et acceptione materiali</subfield>
      <subfield code="g">f. 139r-139v</subfield>
    </datafield>
    <datafield tag="505" ind1="0" ind2=" ">
      <subfield code="a">**  De quatuor speciebus acceptionis</subfield>
      <subfield code="g">f. 140r-140v</subfield>
    </datafield>
    <datafield tag="505" ind1="0" ind2=" ">
      <subfield code="a">**  De acceptione copulata</subfield>
      <subfield code="g">f. 140v</subfield>
    </datafield>
    <datafield tag="505" ind1="0" ind2=" ">
      <subfield code="a">**  De acceptione disiunctiva</subfield>
      <subfield code="g">f. 140v-141r</subfield>
    </datafield>
    <datafield tag="505" ind1="0" ind2=" ">
      <subfield code="a">**  De acceptione disiuncta seu confusa</subfield>
      <subfield code="g">f. 141r</subfield>
    </datafield>
    <datafield tag="505" ind1="0" ind2=" ">
      <subfield code="a">**  De Statu, distractione et ampliatione vocis</subfield>
      <subfield code="g">f. 141r-141v</subfield>
    </datafield>
    <datafield tag="505" ind1="0" ind2=" ">
      <subfield code="a">**  De appelatione</subfield>
      <subfield code="g">f. 141v-142r</subfield>
    </datafield>
    <datafield tag="505" ind1="0" ind2=" ">
      <subfield code="a">* Tractatus quintus De enuntiationibus</subfield>
      <subfield code="g">f. 142r-145v</subfield>
    </datafield>
    <datafield tag="505" ind1="0" ind2=" ">
      <subfield code="a">** De oratione, nomine, et verbo</subfield>
      <subfield code="g">f. 142r</subfield>
    </datafield>
    <datafield tag="505" ind1="0" ind2=" ">
      <subfield code="a">** De enuntiatione</subfield>
      <subfield code="g">f. 142v</subfield>
    </datafield>
    <datafield tag="505" ind1="0" ind2=" ">
      <subfield code="a">** De propositione quanta et non quanta</subfield>
      <subfield code="g">f. 142v-143r</subfield>
    </datafield>
    <datafield tag="505" ind1="0" ind2=" ">
      <subfield code="a">** De reliquis divisionibus propositionum</subfield>
      <subfield code="g">f. 143r-143v</subfield>
    </datafield>
    <datafield tag="505" ind1="0" ind2=" ">
      <subfield code="a">** De enuntiatione composita</subfield>
      <subfield code="g">f. 143v-144v</subfield>
    </datafield>
    <datafield tag="505" ind1="0" ind2=" ">
      <subfield code="a">*** De copulativa et disiunctiva</subfield>
      <subfield code="g">f. 143v-144r</subfield>
    </datafield>
    <datafield tag="505" ind1="0" ind2=" ">
      <subfield code="a">*** De causali</subfield>
      <subfield code="g">f. 144r</subfield>
    </datafield>
    <datafield tag="505" ind1="0" ind2=" ">
      <subfield code="a">*** De composita illativa</subfield>
      <subfield code="g">f. 144r-144v</subfield>
    </datafield>
    <datafield tag="505" ind1="0" ind2=" ">
      <subfield code="a">** De regulis consequentiarum</subfield>
      <subfield code="g">f. 144v</subfield>
    </datafield>
    <datafield tag="505" ind1="0" ind2=" ">
      <subfield code="a">** De  propositionibus repugnantibus</subfield>
      <subfield code="g">f. 144v-145r</subfield>
    </datafield>
    <datafield tag="505" ind1="0" ind2=" ">
      <subfield code="a">** De oppositis subalternis</subfield>
      <subfield code="g">f. 145r-145v</subfield>
    </datafield>
    <datafield tag="505" ind1="0" ind2=" ">
      <subfield code="a">* Tractatus ultimis De locis topicis</subfield>
      <subfield code="g">f. 145v-148r</subfield>
    </datafield>
    <datafield tag="505" ind1="0" ind2=" ">
      <subfield code="a">** De locis generaliter</subfield>
      <subfield code="g">f. 145v-146r</subfield>
    </datafield>
    <datafield tag="505" ind1="0" ind2=" ">
      <subfield code="a">** De quinque locis famosis</subfield>
      <subfield code="g">f. 146v-147r</subfield>
    </datafield>
    <datafield tag="505" ind1="0" ind2=" ">
      <subfield code="a">**  De locis minus famosis</subfield>
      <subfield code="g">f. 147r-148r</subfield>
    </datafield>
    <datafield tag="505" ind1="0" ind2=" ">
      <subfield code="a">Annotata in secundam partem : commentarii logices pars posterior</subfield>
      <subfield code="g">f. 151r-294r</subfield>
    </datafield>
    <datafield tag="505" ind1="0" ind2=" ">
      <subfield code="a">** Tractatus primus De instrumentis sciendi</subfield>
      <subfield code="g">f. 152r-158r</subfield>
    </datafield>
    <datafield tag="505" ind1="0" ind2=" ">
      <subfield code="a">** Tractatus secundus De signis</subfield>
      <subfield code="g">f. 158v-164r</subfield>
    </datafield>
    <datafield tag="505" ind1="0" ind2=" ">
      <subfield code="a">** Tractatus tertius de vocibus</subfield>
      <subfield code="g">f. 164r-193r</subfield>
    </datafield>
    <datafield tag="505" ind1="0" ind2=" ">
      <subfield code="a">** Tractatus quartus De acceptionibus vocum</subfield>
      <subfield code="g">f. 193r-208v</subfield>
    </datafield>
    <datafield tag="505" ind1="0" ind2=" ">
      <subfield code="a">** Tractatus quintus De enuntiationibus</subfield>
      <subfield code="g">f. 209r-256v</subfield>
    </datafield>
    <datafield tag="505" ind1="0" ind2=" ">
      <subfield code="a">** Tractatus ultimus De locis topicis</subfield>
      <subfield code="g">f. 256v-294r</subfield>
    </datafield>
    <datafield tag="544" ind1=" " ind2=" ">
      <subfield code="a">Louvain-la-Neuve, Archives de l'Université catholique de Louvain</subfield>
      <subfield code="b">M. C174</subfield>
    </datafield>
    <datafield tag="546" ind1=" " ind2=" ">
      <subfield code="a">Latin</subfield>
    </datafield>
    <datafield tag="653" ind1=" " ind2="6">
      <subfield code="a">Manuscripts</subfield>
    </datafield>
    <datafield tag="653" ind1=" " ind2="6">
      <subfield code="a">Lecture notes</subfield>
    </datafield>
    <datafield tag="700" ind1="1" ind2=" ">
      <subfield code="a">van den Hove, Joannes</subfield>
      <subfield code="3">professor primarius</subfield>
      <subfield code="4">pfs</subfield>
    </datafield>
    <datafield tag="700" ind1="1" ind2=" ">
      <subfield code="a">de Quareux, Gerardus Josephus</subfield>
      <subfield code="d">1664-1741</subfield>
      <subfield code="3">professor secundarius</subfield>
      <subfield code="4">pfs</subfield>
    </datafield>
    <datafield tag="700" ind1="1" ind2=" ">
      <subfield code="a">Wagemaeckers Abrahamus</subfield>
      <subfield code="4">stu</subfield>
    </datafield>
    <datafield tag="700" ind1="1" ind2=" ">
      <subfield code="a">Loemans, Arnold</subfield>
      <subfield code="g">Flemish printmaker, active 1632-1656</subfield>
      <subfield code="4">egr</subfield>
    </datafield>
    <datafield tag="700" ind1="1" ind2=" ">
      <subfield code="a">Rucholle, Peeter</subfield>
      <subfield code="d">1618-1647</subfield>
      <subfield code="g">Flemish engraver</subfield>
      <subfield code="4">egr</subfield>
    </datafield>
    <datafield tag="700" ind1="1" ind2=" ">
      <subfield code="a">Wyckmans, François</subfield>
      <subfield code="4">prt</subfield>
    </datafield>
    <datafield tag="830" ind1=" " ind2="0">
      <subfield code="a">Topica</subfield>
    </datafield>
    <datafield tag="830" ind1=" " ind2="0">
      <subfield code="a">Prooemium in Logicam</subfield>
    </datafield>
    <datafield tag="830" ind1=" " ind2="0">
      <subfield code="a">Praedicamenta</subfield>
    </datafield>
    <datafield tag="830" ind1=" " ind2="0">
      <subfield code="a">De vocibus</subfield>
    </datafield>
    <datafield tag="830" ind1=" " ind2="0">
      <subfield code="a">De signo</subfield>
    </datafield>
    <datafield tag="830" ind1=" " ind2="0">
      <subfield code="a">De iudicio</subfield>
    </datafield>
    <datafield tag="830" ind1=" " ind2="0">
      <subfield code="a">De instrumentis sciendi</subfield>
    </datafield>
    <datafield tag="830" ind1=" " ind2="0">
      <subfield code="a">De ideis</subfield>
    </datafield>
    <datafield tag="830" ind1=" " ind2="0">
      <subfield code="a">De enuntiatione</subfield>
    </datafield>
    <datafield tag="830" ind1=" " ind2="0">
      <subfield code="a">De argumentatione</subfield>
    </datafield>
    <datafield tag="830" ind1=" " ind2="0">
      <subfield code="a">De acceptionibus vocum</subfield>
    </datafield>
    <datafield tag="830" ind1=" " ind2="0">
      <subfield code="a">Categoriae</subfield>
    </datafield>
    <datafield tag="856" ind1="4" ind2="0">
      <subfield code="u">http://resolver.lias.be/get_pid?view&amp;usagetype=VIEW_MAIN,VIEW&amp;pid=3425615</subfield>
      <subfield code="y">Online version in LIAS</subfield>
    </datafield>
    <datafield tag="852" ind1=" " ind2=" ">
      <subfield code="8">22359397270001488</subfield>
      <subfield code="b">BIBC</subfield>
      <subfield code="c">BRES</subfield>
      <subfield code="l">UCL</subfield>
    </datafield>
    <datafield tag="900" ind1=" " ind2=" ">
      <subfield code="a">CONSOLIDATED RECORD</subfield>
    </datafield>
    <datafield tag="950" ind1=" " ind2=" ">
      <subfield code="a">f. 1r :</subfield>
      <subfield code="b">engraved titlepage</subfield>
      <subfield code="c">Castrvm bella gerit (Arnold. Loemans sculpsit. Franciscus Wijckmans exc.)</subfield>
    </datafield>
    <datafield tag="950" ind1=" " ind2=" ">
      <subfield code="a">f. 27r  :</subfield>
      <subfield code="b">engraved titlepage</subfield>
      <subfield code="c">Signs of the Lily, the Falcon, the Castle and the Pig (Pet. Rucholle fec.t)</subfield>
    </datafield>
    <datafield tag="950" ind1=" " ind2=" ">
      <subfield code="a">f. 129r  :</subfield>
      <subfield code="b">engraved titlepage</subfield>
      <subfield code="c">sign of [erased] ( (Franciscus Wijckmans exc.)</subfield>
    </datafield>
    <datafield tag="950" ind1=" " ind2=" ">
      <subfield code="a">f. 151r :</subfield>
      <subfield code="b">engraved titlepage</subfield>
      <subfield code="c">with the sign of the Castle (Apud Michaelem Haye prope predicatores hibernos)</subfield>
    </datafield>
    <datafield tag="952" ind1=" " ind2=" ">
      <subfield code="d">Leuven (Louvain)</subfield>
      <subfield code="e">Pedagogie De Burcht</subfield>
      <subfield code="0">(ODIS-ORG)35503</subfield>
      <subfield code="f">Faculty of Arts, Paedagogium Castri</subfield>
    </datafield>
    <datafield tag="953" ind1=" " ind2=" ">
      <subfield code="b">1601-1700</subfield>
    </datafield>
    <datafield tag="996" ind1=" " ind2=" ">
      <subfield code="a">UCL</subfield>
      <subfield code="b">physical</subfield>
      <subfield code="c">201509</subfield>
      <subfield code="d">Lectio Magister dixit</subfield>
    </datafield>
  </record>