
  <record>
    <leader>07997ntm a2201333 u 4500</leader>
    <controlfield tag="001">9992136098101488</controlfield>
    <controlfield tag="005">20151202162114.0</controlfield>
    <controlfield tag="008">150407m17781779xx      |     000 0 lat c</controlfield>
    <datafield tag="035" ind1=" " ind2=" ">
      <subfield code="a">(BeLVLBS)9992182256001471</subfield>
    </datafield>
    <datafield tag="035" ind1=" " ind2=" ">
      <subfield code="a">(EXLNZ-32KUL_LIBIS_NETWORK)9992182256001471</subfield>
    </datafield>
    <datafield tag="245" ind1="0" ind2="0">
      <subfield code="a">Logica. Ethica</subfield>
    </datafield>
    <datafield tag="246" ind1="1" ind2="3">
      <subfield code="a">Tractatus De Logica Scriptus a Lamberto j: Stienon dictatus vero a domino forgeur Professore Lilii Secundario Lovanii 1778</subfield>
    </datafield>
    <datafield tag="246" ind1="1" ind2="3">
      <subfield code="a">Tractatus de logica scriptus a Lamberto J[oanne] Stienon, dictatus vero a Domino Forgeur professore Lilii secundario Lovanii 1778</subfield>
    </datafield>
    <datafield tag="246" ind1="1" ind2="3">
      <subfield code="a">Tractatus de Ethica Scriptus a Lamberto j: Stienon Dictatus vero a domino Zaaman Professore Primario Liliensi Lovanii anno 1778</subfield>
    </datafield>
    <datafield tag="246" ind1="1" ind2="3">
      <subfield code="a">Tractatus de ethica scriptus a Lamberto J[oanne] Stienon, dictatus vero a Domino Zaaman professore primario Liliensi Lovanii anno 1778</subfield>
    </datafield>
    <datafield tag="264" ind1=" " ind2="1">
      <subfield code="c">1778-1779</subfield>
    </datafield>
    <datafield tag="300" ind1=" " ind2=" ">
      <subfield code="a">219 f.</subfield>
      <subfield code="c">205 x 170  mm.</subfield>
    </datafield>
    <datafield tag="300" ind1=" " ind2=" ">
      <subfield code="a">Cardboard binding ; half leather binding, spine and fore edges with brown calf  leather, boards with marbled paper ; restored</subfield>
    </datafield>
    <datafield tag="336" ind1=" " ind2=" ">
      <subfield code="a">text</subfield>
      <subfield code="2">rdacontent</subfield>
    </datafield>
    <datafield tag="337" ind1=" " ind2=" ">
      <subfield code="a">unmediated</subfield>
      <subfield code="2">rdamedia</subfield>
    </datafield>
    <datafield tag="338" ind1=" " ind2=" ">
      <subfield code="a">volume</subfield>
      <subfield code="2">rdacarrier</subfield>
    </datafield>
    <datafield tag="340" ind1=" " ind2=" ">
      <subfield code="e">Paper</subfield>
    </datafield>
    <datafield tag="351" ind1=" " ind2=" ">
      <subfield code="a">Band in karton ; rug en zijsnedes overtrokken met bruin kalfsleder, platten met gemarmerd papier ; gerestaureerd</subfield>
    </datafield>
    <datafield tag="500" ind1=" " ind2=" ">
      <subfield code="a">Title created by cataloguer</subfield>
    </datafield>
    <datafield tag="500" ind1=" " ind2=" ">
      <subfield code="a">9 colophons</subfield>
    </datafield>
    <datafield tag="500" ind1=" " ind2=" ">
      <subfield code="a">Colophon on f. 77r reads : Finis</subfield>
    </datafield>
    <datafield tag="500" ind1=" " ind2=" ">
      <subfield code="a">Colophon on f. 92v reads : finis 28 die aprilis 1779</subfield>
    </datafield>
    <datafield tag="500" ind1=" " ind2=" ">
      <subfield code="a">Colophon on f. 132v  reads :  XXI Series compositio[n]is datæ in Lilio 20 die februarii S[an]cti Martii 1779</subfield>
    </datafield>
    <datafield tag="500" ind1=" " ind2=" ">
      <subfield code="a">Colophon on f. 133r  reads :  Solutio[n]es Seriei XXI  datæ in Lilio 20 die februarii S[an]cti 1779 Martii</subfield>
    </datafield>
    <datafield tag="500" ind1=" " ind2=" ">
      <subfield code="a">Colophon on f. 140v reads : Series XXIV data in concursu 3ia die aprilis a professore Secundario Forgeur 1779</subfield>
    </datafield>
    <datafield tag="500" ind1=" " ind2=" ">
      <subfield code="a">Colophon on f. 155r reads : Series compositio[n]is XXXI de 2a et 3ia sectione 19 die junii anno 1779</subfield>
    </datafield>
    <datafield tag="500" ind1=" " ind2=" ">
      <subfield code="a">Colophon on f. 207v reads : Finis</subfield>
    </datafield>
    <datafield tag="500" ind1=" " ind2=" ">
      <subfield code="a">Colophon on f. 218v reads : Datum die 18 mensis i[n]cogniti. Finis quaestionum. Finis quaestionum</subfield>
    </datafield>
    <datafield tag="500" ind1=" " ind2=" ">
      <subfield code="a">Colophon on f. 219r reads : Finis compositionis simul et compositionum</subfield>
    </datafield>
    <datafield tag="505" ind1="0" ind2=" ">
      <subfield code="a">Tractatus de logica</subfield>
      <subfield code="g">f.1r -157r</subfield>
    </datafield>
    <datafield tag="505" ind1="0" ind2=" ">
      <subfield code="a">* Proloegomenon in logicam</subfield>
      <subfield code="g">f. 1r</subfield>
    </datafield>
    <datafield tag="505" ind1="0" ind2=" ">
      <subfield code="a">* Sectio prima De facultate cognoscitiva mentis humanae</subfield>
      <subfield code="g">f. 1v-39r</subfield>
    </datafield>
    <datafield tag="505" ind1="0" ind2=" ">
      <subfield code="a">** Caput primum De perceptionibus et earum objectis</subfield>
      <subfield code="g">f. 1v-2v</subfield>
    </datafield>
    <datafield tag="505" ind1="0" ind2=" ">
      <subfield code="a">** Caput secundum De idearum natura et origine</subfield>
      <subfield code="g">f. 2v-3v</subfield>
    </datafield>
    <datafield tag="505" ind1="0" ind2=" ">
      <subfield code="a">** Caput tertium De formali idearum differentia</subfield>
      <subfield code="g">f. 3v-4v</subfield>
    </datafield>
    <datafield tag="505" ind1="0" ind2=" ">
      <subfield code="a">** Caput quartum De materiali idearum differentia</subfield>
      <subfield code="g">f. 4v-12r</subfield>
    </datafield>
    <datafield tag="505" ind1="0" ind2=" ">
      <subfield code="a">** Caput quintum De idearum signis in genere variisque eorum divisionibus</subfield>
      <subfield code="g">f. 12r-13r</subfield>
    </datafield>
    <datafield tag="505" ind1="0" ind2=" ">
      <subfield code="a">** Caput sextum De vocibus</subfield>
      <subfield code="g">f. 13r-15r</subfield>
    </datafield>
    <datafield tag="505" ind1="0" ind2=" ">
      <subfield code="a">** Caput septimum De vocabulorum usu, abusu et ejus remediis</subfield>
      <subfield code="g">f. 15r-17r</subfield>
    </datafield>
    <datafield tag="505" ind1="0" ind2=" ">
      <subfield code="a">** Caput octavum De definitione</subfield>
      <subfield code="g">f. 17r-19r</subfield>
    </datafield>
    <datafield tag="505" ind1="0" ind2=" ">
      <subfield code="a">** Caput nonum De divisione</subfield>
      <subfield code="g">f. 19r-20r</subfield>
    </datafield>
    <datafield tag="505" ind1="0" ind2=" ">
      <subfield code="a">** Caput decimum De judicio</subfield>
      <subfield code="g">f. 20r-20v</subfield>
    </datafield>
    <datafield tag="505" ind1="0" ind2=" ">
      <subfield code="a">** Caput undecimum De enuntiatione ejusque speciebus</subfield>
      <subfield code="g">f. 20v-22v</subfield>
    </datafield>
    <datafield tag="505" ind1="0" ind2=" ">
      <subfield code="a">** Caput duodecimum De diversis enuntiationum proprietatibus</subfield>
      <subfield code="g">f. 22v-25v</subfield>
    </datafield>
    <datafield tag="505" ind1="0" ind2=" ">
      <subfield code="a">** Caput tertium decimum De propositionibus complexis</subfield>
      <subfield code="g">f. 25v-29r</subfield>
    </datafield>
    <datafield tag="505" ind1="0" ind2=" ">
      <subfield code="a">** Caput quartum decimum De enuntiationibus in metodo scientifica usitatis</subfield>
      <subfield code="g">f. 29r-29v</subfield>
    </datafield>
    <datafield tag="505" ind1="0" ind2=" ">
      <subfield code="a">** Caput quartum [= quintum] decimum De ratiocinatione</subfield>
      <subfield code="g">f. 29v-31v</subfield>
    </datafield>
    <datafield tag="505" ind1="0" ind2=" ">
      <subfield code="a">** Caput sextum decimum De argumentatione et praesertione(?) de syllogismo simplici</subfield>
      <subfield code="g">f. 31v-35r</subfield>
    </datafield>
    <datafield tag="505" ind1="0" ind2=" ">
      <subfield code="a">** Caput septimum decimum De syllogismis compositis</subfield>
      <subfield code="g">f. 35r-36v</subfield>
    </datafield>
    <datafield tag="505" ind1="0" ind2=" ">
      <subfield code="a">** Caput octavum decimum De reliquis argumentationis speciebus</subfield>
      <subfield code="g">f. 36v-39r</subfield>
    </datafield>
    <datafield tag="505" ind1="0" ind2=" ">
      <subfield code="a">* Sectio secunda De veritate cognoscenda</subfield>
      <subfield code="g">f. 39r-61r</subfield>
    </datafield>
    <datafield tag="505" ind1="0" ind2=" ">
      <subfield code="a">** Caput primum De veritate ac falsitate in genere earumque diversis speciebus</subfield>
      <subfield code="g">f.  39r-39v</subfield>
    </datafield>
    <datafield tag="505" ind1="0" ind2=" ">
      <subfield code="a">** Caput secundum De veritate perceptionum judiciorum ac ratiociniorum</subfield>
      <subfield code="g">f. 39v-49r</subfield>
    </datafield>
    <datafield tag="505" ind1="0" ind2=" ">
      <subfield code="a">** Caput tertium De iudiciis veritatis,  certitudine et evidentia</subfield>
      <subfield code="g">f. 49r-51v</subfield>
    </datafield>
    <datafield tag="505" ind1="0" ind2=" ">
      <subfield code="a">** Caput quartum De sensu intimo et sensu naturae communi</subfield>
      <subfield code="g">f. 51v-55v</subfield>
    </datafield>
    <datafield tag="505" ind1="0" ind2=" ">
      <subfield code="a">** Caput quintum De testimonio sensuum externorum</subfield>
      <subfield code="g">f. 55v-58v</subfield>
    </datafield>
    <datafield tag="505" ind1="0" ind2=" ">
      <subfield code="a">** Caput sextum De auctoritate</subfield>
      <subfield code="g">f. 58v-61r</subfield>
    </datafield>
    <datafield tag="505" ind1="0" ind2=" ">
      <subfield code="a">* Sectio tertia De cognitione veritatis</subfield>
      <subfield code="g">f. 61r-92v</subfield>
    </datafield>
    <datafield tag="505" ind1="0" ind2=" ">
      <subfield code="a">** Caput primum De scientia diversisque ejus speciebus</subfield>
      <subfield code="g">f. 61v-63v</subfield>
    </datafield>
    <datafield tag="505" ind1="0" ind2=" ">
      <subfield code="a">** Caput secundum De probatione et demonstratione</subfield>
      <subfield code="g">f. 63v-68v</subfield>
    </datafield>
    <datafield tag="505" ind1="0" ind2=" ">
      <subfield code="a">** Caput tertium De probabilitate et opinione</subfield>
      <subfield code="g">f. 68v-77v</subfield>
    </datafield>
    <datafield tag="505" ind1="0" ind2=" ">
      <subfield code="a">** Caput quartum De fide</subfield>
      <subfield code="g">f.77v-82v</subfield>
    </datafield>
    <datafield tag="505" ind1="0" ind2=" ">
      <subfield code="a">** Caput quintum De interpretatione et lectione librorum</subfield>
      <subfield code="g">f. 82v-85v</subfield>
    </datafield>
    <datafield tag="505" ind1="0" ind2=" ">
      <subfield code="a">** Caput sextum De errore ejusque fontibus</subfield>
      <subfield code="g">f. 85v-90r</subfield>
    </datafield>
    <datafield tag="505" ind1="0" ind2=" ">
      <subfield code="a">** Caput septimum De concertatione litteraria</subfield>
      <subfield code="g">f. 90r-92v</subfield>
    </datafield>
    <datafield tag="505" ind1="0" ind2=" ">
      <subfield code="a">* Quaestiones Logicae [Series 1a - Series 31a] data a DD. forgeur in Lilio anno 1779</subfield>
      <subfield code="g">f. 95r-157r</subfield>
    </datafield>
    <datafield tag="505" ind1="0" ind2=" ">
      <subfield code="a">Tractatus de ethica</subfield>
      <subfield code="g">f. 158r-219r</subfield>
    </datafield>
    <datafield tag="505" ind1="0" ind2=" ">
      <subfield code="a">* Quaestio praeliminaris De definitione, objecto et divisione ethices</subfield>
      <subfield code="g">f. 159r-160r</subfield>
    </datafield>
    <datafield tag="505" ind1="0" ind2=" ">
      <subfield code="a">* Sectio prima De principiis actuum humanorum</subfield>
      <subfield code="g">f. 160r-170v</subfield>
    </datafield>
    <datafield tag="505" ind1="0" ind2=" ">
      <subfield code="a">** Caput primum De principiis externis actuum humanorum</subfield>
      <subfield code="g">f. 160r-164v</subfield>
    </datafield>
    <datafield tag="505" ind1="0" ind2=" ">
      <subfield code="a">*** Articulus primus De bono generatim</subfield>
      <subfield code="g">f. 160v-161r</subfield>
    </datafield>
    <datafield tag="505" ind1="0" ind2=" ">
      <subfield code="a">*** Articulus secundus De fine</subfield>
      <subfield code="g">f. 161r-163r</subfield>
    </datafield>
    <datafield tag="505" ind1="0" ind2=" ">
      <subfield code="a">*** Articulus tertius De beatitudine</subfield>
      <subfield code="g">f. 163r-164v</subfield>
    </datafield>
    <datafield tag="505" ind1="0" ind2=" ">
      <subfield code="a">** Caput secundum De principiis internis</subfield>
      <subfield code="g">f. 165r-170v</subfield>
    </datafield>
    <datafield tag="505" ind1="0" ind2=" ">
      <subfield code="a">*** Articulus primus De voluntario</subfield>
      <subfield code="g">f. 165r-168v</subfield>
    </datafield>
    <datafield tag="505" ind1="0" ind2=" ">
      <subfield code="a">*** Articulus secundus De libero</subfield>
      <subfield code="g">f. 168v-169v</subfield>
    </datafield>
    <datafield tag="505" ind1="0" ind2=" ">
      <subfield code="a">*** Articulus tertius De objecto libertatis</subfield>
      <subfield code="g">f. 170r-170v</subfield>
    </datafield>
    <datafield tag="505" ind1="0" ind2=" ">
      <subfield code="a">* Sectio secunda De regulis actuum humanorum</subfield>
      <subfield code="g">f. 170v-182r</subfield>
    </datafield>
    <datafield tag="505" ind1="0" ind2=" ">
      <subfield code="a">** Caput primum De lege</subfield>
      <subfield code="g">f. 170v-178v</subfield>
    </datafield>
    <datafield tag="505" ind1="0" ind2=" ">
      <subfield code="a">*** Articulus primus De lege naturali</subfield>
      <subfield code="g">f. 171r-176v</subfield>
    </datafield>
    <datafield tag="505" ind1="0" ind2=" ">
      <subfield code="a">*** Articulus secundus De lege positiva generatim</subfield>
      <subfield code="g">f. 176v-178v</subfield>
    </datafield>
    <datafield tag="505" ind1="0" ind2=" ">
      <subfield code="a">** Caput secundum De conscientia</subfield>
      <subfield code="g">f. 178v-182r</subfield>
    </datafield>
    <datafield tag="505" ind1="0" ind2=" ">
      <subfield code="a">* Sectio tertia De moralitate actuum humanorum</subfield>
      <subfield code="g">f. 182r-185v</subfield>
    </datafield>
    <datafield tag="505" ind1="0" ind2=" ">
      <subfield code="a">* Sectio quarta De habitibus moralibus actuum humanorum</subfield>
      <subfield code="g">f. 185v-189r</subfield>
    </datafield>
    <datafield tag="505" ind1="0" ind2=" ">
      <subfield code="a">** Articulus primus De virtutibus in genere</subfield>
      <subfield code="g">f. -186r-186r</subfield>
    </datafield>
    <datafield tag="505" ind1="0" ind2=" ">
      <subfield code="a">** Articulus secundus De virtutibus in specie</subfield>
      <subfield code="g">f.  186r-189r</subfield>
    </datafield>
    <datafield tag="505" ind1="0" ind2=" ">
      <subfield code="a">* Appendix De religione</subfield>
      <subfield code="g">f. 189r-199r</subfield>
    </datafield>
    <datafield tag="505" ind1="0" ind2=" ">
      <subfield code="a">** Caput  primum De religione generatim</subfield>
      <subfield code="g">f. 189v-192r</subfield>
    </datafield>
    <datafield tag="505" ind1="0" ind2=" ">
      <subfield code="a">** Caput secundum De religione naturali</subfield>
      <subfield code="g">f. 192r-193v</subfield>
    </datafield>
    <datafield tag="505" ind1="0" ind2=" ">
      <subfield code="a">** Caput tertium De religone revelata</subfield>
      <subfield code="g">f. 193v-195r</subfield>
    </datafield>
    <datafield tag="505" ind1="0" ind2=" ">
      <subfield code="a">** Caput quartum De religione christiana</subfield>
      <subfield code="g">f. 195v-199r</subfield>
    </datafield>
    <datafield tag="505" ind1="0" ind2=" ">
      <subfield code="a">* Quaestiones concursus habiti a dd: Zaaman 2a die aprilis anno 1779</subfield>
      <subfield code="g">f. 200v</subfield>
    </datafield>
    <datafield tag="505" ind1="0" ind2=" ">
      <subfield code="a">* Quaestiones de ethica  [Series 1a - Series  15a]</subfield>
      <subfield code="g">f. 202r-219r</subfield>
    </datafield>
    <datafield tag="544" ind1=" " ind2=" ">
      <subfield code="a">Louvain-la-Neuve, Archives de l'Université catholique de Louvain</subfield>
      <subfield code="b">Ms. C115</subfield>
    </datafield>
    <datafield tag="546" ind1=" " ind2=" ">
      <subfield code="a">Latin</subfield>
    </datafield>
    <datafield tag="653" ind1=" " ind2="6">
      <subfield code="a">Manuscripts</subfield>
    </datafield>
    <datafield tag="653" ind1=" " ind2="6">
      <subfield code="a">Lecture notes</subfield>
    </datafield>
    <datafield tag="700" ind1="1" ind2=" ">
      <subfield code="a">Zaman, Joannes Franciscus</subfield>
      <subfield code="d">1735-1793</subfield>
      <subfield code="3">professor primarius</subfield>
      <subfield code="4">pfs</subfield>
    </datafield>
    <datafield tag="700" ind1="1" ind2=" ">
      <subfield code="a">Forgeur, Josephus</subfield>
      <subfield code="d">1741-1833</subfield>
      <subfield code="3">professor secundarius</subfield>
      <subfield code="4">pfs</subfield>
    </datafield>
    <datafield tag="700" ind1="1" ind2=" ">
      <subfield code="a">Stienon, Lambertus Josephus</subfield>
      <subfield code="4">stu</subfield>
    </datafield>
    <datafield tag="830" ind1=" " ind2="0">
      <subfield code="a">Prooemium in Logicam</subfield>
    </datafield>
    <datafield tag="830" ind1=" " ind2="0">
      <subfield code="a">De veritate cognoscenda</subfield>
    </datafield>
    <datafield tag="830" ind1=" " ind2="0">
      <subfield code="a">De facultate cognoscitiva mentis humanae</subfield>
    </datafield>
    <datafield tag="830" ind1=" " ind2="0">
      <subfield code="a">De cognitione veritatis</subfield>
    </datafield>
    <datafield tag="856" ind1="4" ind2="0">
      <subfield code="u">http://resolver.lias.be/get_pid?view&amp;usagetype=VIEW_MAIN,VIEW&amp;pid=3350103</subfield>
      <subfield code="y">Online version in LIAS</subfield>
    </datafield>
    <datafield tag="852" ind1=" " ind2=" ">
      <subfield code="8">22359072930001488</subfield>
      <subfield code="b">BIBC</subfield>
      <subfield code="c">BRES</subfield>
      <subfield code="l">UCL</subfield>
    </datafield>
    <datafield tag="900" ind1=" " ind2=" ">
      <subfield code="a">CONSOLIDATED RECORD</subfield>
    </datafield>
    <datafield tag="950" ind1=" " ind2=" ">
      <subfield code="a">f. 86v :</subfield>
      <subfield code="b">pen drawing(s)</subfield>
      <subfield code="c">tabula oppositarum</subfield>
    </datafield>
    <datafield tag="952" ind1=" " ind2=" ">
      <subfield code="d">Leuven (Louvain)</subfield>
      <subfield code="e">Pedagogie De Lelie</subfield>
      <subfield code="0">(ODIS-ORG)35505</subfield>
      <subfield code="f">Faculty of Arts, Paedagogium Lilii</subfield>
    </datafield>
    <datafield tag="953" ind1=" " ind2=" ">
      <subfield code="b">1701-1800</subfield>
    </datafield>
    <datafield tag="996" ind1=" " ind2=" ">
      <subfield code="a">UCL</subfield>
      <subfield code="b">physical</subfield>
      <subfield code="c">201509</subfield>
      <subfield code="d">Lectio Magister dixit</subfield>
    </datafield>
  </record>