
  <record>
    <leader>03429ntm a2200697 u 4500</leader>
    <controlfield tag="001">9992135943601488</controlfield>
    <controlfield tag="005">20151130142828.0</controlfield>
    <controlfield tag="008">150409s1654    xx      |     000 0 lat c</controlfield>
    <datafield tag="035" ind1=" " ind2=" ">
      <subfield code="a">(BeLVLBS)9992182101601471</subfield>
    </datafield>
    <datafield tag="035" ind1=" " ind2=" ">
      <subfield code="a">(EXLNZ-32KUL_LIBIS_NETWORK)9992182101601471</subfield>
    </datafield>
    <datafield tag="245" ind1="0" ind2="0">
      <subfield code="a">Logica</subfield>
    </datafield>
    <datafield tag="246" ind1="1" ind2="3">
      <subfield code="a">Annotata Magis principalia Sub Doctissimo Domino Simone Bierens. S.T.B.F. nec non Pedagogij Castrensis Professore Primario Scribebat Ludouicus Bunnē Hellemondans. 1654</subfield>
    </datafield>
    <datafield tag="246" ind1="1" ind2="3">
      <subfield code="a">Annotata magis principalia sub doctissimo Domino Simone Bierens. S.T.B.F. nec non Pedagogij Castrensis professore primario Scribebat Ludovicus Bunnen Hellemondanus. 1654</subfield>
    </datafield>
    <datafield tag="246" ind1="1" ind2="3">
      <subfield code="a">Annotata Minus ppālia Sub Doctisssimo Dño Lavrentio Lavchens S.T.B.F. atqve Pædagogij Castrensis Professore sdārio Scribebat Ludouicus Bunnen Hellemondanus 1654</subfield>
    </datafield>
    <datafield tag="246" ind1="1" ind2="3">
      <subfield code="a">Annotata minus p[rinci]palia sub doctisssimo D[omi]no Laurentio Lauchens S.T.B.F. atque Pædagogij Castrensis professore secundario Scribebat Ludovicus Bunnen Hellemondanus 1654</subfield>
    </datafield>
    <datafield tag="264" ind1=" " ind2="1">
      <subfield code="c">1654</subfield>
    </datafield>
    <datafield tag="300" ind1=" " ind2=" ">
      <subfield code="a">483 f.</subfield>
      <subfield code="b">ill.</subfield>
      <subfield code="c">210 x 160  mm.</subfield>
    </datafield>
    <datafield tag="300" ind1=" " ind2=" ">
      <subfield code="a">Brown leather binding ; blind stamped spine and boards ; 4 new brown leather ties</subfield>
    </datafield>
    <datafield tag="336" ind1=" " ind2=" ">
      <subfield code="a">text</subfield>
      <subfield code="2">rdacontent</subfield>
    </datafield>
    <datafield tag="337" ind1=" " ind2=" ">
      <subfield code="a">unmediated</subfield>
      <subfield code="2">rdamedia</subfield>
    </datafield>
    <datafield tag="338" ind1=" " ind2=" ">
      <subfield code="a">volume</subfield>
      <subfield code="2">rdacarrier</subfield>
    </datafield>
    <datafield tag="340" ind1=" " ind2=" ">
      <subfield code="e">Paper</subfield>
    </datafield>
    <datafield tag="351" ind1=" " ind2=" ">
      <subfield code="a">Band in bruin leder ; blind gestempelde platten en rug ; 4 nieuwe bruine lederen veters</subfield>
    </datafield>
    <datafield tag="500" ind1=" " ind2=" ">
      <subfield code="a">Title created by cataloguer</subfield>
    </datafield>
    <datafield tag="505" ind1="0" ind2=" ">
      <subfield code="a">Annotata magis principalia</subfield>
      <subfield code="g">f. 1r-297v</subfield>
    </datafield>
    <datafield tag="505" ind1="0" ind2=" ">
      <subfield code="a">* De nomine et objecto philosophiae</subfield>
      <subfield code="g">f. 2r-74r</subfield>
    </datafield>
    <datafield tag="505" ind1="0" ind2=" ">
      <subfield code="a">* In antepraedicamenta Aristotelis</subfield>
      <subfield code="g">f. 74r-158v</subfield>
    </datafield>
    <datafield tag="505" ind1="0" ind2=" ">
      <subfield code="a">* In postpraedicamenta Aristotelis</subfield>
      <subfield code="g">f. 159r-188v</subfield>
    </datafield>
    <datafield tag="505" ind1="0" ind2=" ">
      <subfield code="a">* In libros priorum</subfield>
      <subfield code="g">f. 189r-297v</subfield>
    </datafield>
    <datafield tag="505" ind1="0" ind2=" ">
      <subfield code="a">Annotata minus principalia</subfield>
      <subfield code="g">f. 298v-481v</subfield>
    </datafield>
    <datafield tag="505" ind1="0" ind2=" ">
      <subfield code="a">*  [Tractatus in prodidagmata]</subfield>
      <subfield code="g">f. 299r-348v</subfield>
    </datafield>
    <datafield tag="505" ind1="0" ind2=" ">
      <subfield code="a">* [Libri de interpretatione sive perihermenias]</subfield>
      <subfield code="g">f. 348v-385v</subfield>
    </datafield>
    <datafield tag="505" ind1="0" ind2=" ">
      <subfield code="a">* [Libri topicorum]</subfield>
      <subfield code="g">f. 386r-473r</subfield>
    </datafield>
    <datafield tag="505" ind1="0" ind2=" ">
      <subfield code="a">* [Libri elenchorum]</subfield>
      <subfield code="g">f. 473v-481v</subfield>
    </datafield>
    <datafield tag="544" ind1=" " ind2=" ">
      <subfield code="a">Louvain-la-Neuve, Archives de l'Université catholique de Louvain</subfield>
      <subfield code="b">Ms. C155</subfield>
    </datafield>
    <datafield tag="546" ind1=" " ind2=" ">
      <subfield code="a">Latin</subfield>
    </datafield>
    <datafield tag="653" ind1=" " ind2="6">
      <subfield code="a">Manuscripts</subfield>
    </datafield>
    <datafield tag="653" ind1=" " ind2="6">
      <subfield code="a">Lecture notes</subfield>
    </datafield>
    <datafield tag="700" ind1="1" ind2=" ">
      <subfield code="a">Bierens, Simon</subfield>
      <subfield code="4">pfs</subfield>
      <subfield code="3">professor primarius</subfield>
    </datafield>
    <datafield tag="700" ind1="1" ind2=" ">
      <subfield code="a">Lauwkens, Laurentius</subfield>
      <subfield code="4">pfs</subfield>
      <subfield code="3">professor secundarius</subfield>
    </datafield>
    <datafield tag="700" ind1="1" ind2=" ">
      <subfield code="a">Bunnen, Ludovicus</subfield>
      <subfield code="4">stu</subfield>
    </datafield>
    <datafield tag="700" ind1="1" ind2=" ">
      <subfield code="a">Boel, Quirinus</subfield>
      <subfield code="d">1622-1688</subfield>
      <subfield code="4">egr</subfield>
    </datafield>
    <datafield tag="700" ind1="1" ind2=" ">
      <subfield code="a">Gosin, Jacobus</subfield>
      <subfield code="4">egr</subfield>
    </datafield>
    <datafield tag="700" ind1="1" ind2=" ">
      <subfield code="a">Rucholle, Peeter</subfield>
      <subfield code="d">1618-1647</subfield>
      <subfield code="g">Flemish engraver</subfield>
      <subfield code="4">egr</subfield>
    </datafield>
    <datafield tag="830" ind1=" " ind2="0">
      <subfield code="a">Topica</subfield>
    </datafield>
    <datafield tag="830" ind1=" " ind2="0">
      <subfield code="a">Sophistici elenchi</subfield>
    </datafield>
    <datafield tag="830" ind1=" " ind2="0">
      <subfield code="a">Prolegomena philosophiae</subfield>
    </datafield>
    <datafield tag="830" ind1=" " ind2="0">
      <subfield code="a">Prodidagmata in logicam</subfield>
    </datafield>
    <datafield tag="830" ind1=" " ind2="0">
      <subfield code="a">Praedicamenta</subfield>
    </datafield>
    <datafield tag="830" ind1=" " ind2="0">
      <subfield code="a">Peri hermeneias</subfield>
    </datafield>
    <datafield tag="830" ind1=" " ind2="0">
      <subfield code="a">De sophisticis elenchis</subfield>
    </datafield>
    <datafield tag="830" ind1=" " ind2="0">
      <subfield code="a">De interpretatione</subfield>
    </datafield>
    <datafield tag="830" ind1=" " ind2="0">
      <subfield code="a">Categoriae</subfield>
    </datafield>
    <datafield tag="830" ind1=" " ind2="0">
      <subfield code="a">Analytica priora</subfield>
    </datafield>
    <datafield tag="856" ind1="4" ind2="0">
      <subfield code="u">http://resolver.lias.be/get_pid?view&amp;usagetype=VIEW_MAIN,VIEW&amp;pid=3410683</subfield>
      <subfield code="y">Online version in LIAS</subfield>
    </datafield>
    <datafield tag="852" ind1=" " ind2=" ">
      <subfield code="8">22359284840001488</subfield>
      <subfield code="b">BIBC</subfield>
      <subfield code="c">BRES</subfield>
      <subfield code="l">UCL</subfield>
    </datafield>
    <datafield tag="900" ind1=" " ind2=" ">
      <subfield code="a">CONSOLIDATED RECORD</subfield>
    </datafield>
    <datafield tag="950" ind1=" " ind2=" ">
      <subfield code="a">f. 1r :</subfield>
      <subfield code="b">engraved titlepage</subfield>
      <subfield code="c">Sign of The Castle (Q. Boel. fecit. Iacobus Gosin excu.)</subfield>
    </datafield>
    <datafield tag="950" ind1=" " ind2=" ">
      <subfield code="a">f. 298r :</subfield>
      <subfield code="b">engraved titlepage</subfield>
      <subfield code="c">Signs of The Lily, The Falcon, The Castle and The Pig (Pet. Rucholle fec.)</subfield>
    </datafield>
    <datafield tag="950" ind1=" " ind2=" ">
      <subfield code="a">f. 74r, 159r, 189r   : ornamental</subfield>
      <subfield code="b">initials</subfield>
    </datafield>
    <datafield tag="952" ind1=" " ind2=" ">
      <subfield code="d">Leuven (Louvain)</subfield>
      <subfield code="e">Pedagogie De Burcht</subfield>
      <subfield code="0">(ODIS-ORG)35503</subfield>
      <subfield code="f">Faculty of Arts, Paedagogium Castri</subfield>
    </datafield>
    <datafield tag="953" ind1=" " ind2=" ">
      <subfield code="b">1601-1700</subfield>
    </datafield>
    <datafield tag="996" ind1=" " ind2=" ">
      <subfield code="a">UCL</subfield>
      <subfield code="b">physical</subfield>
      <subfield code="c">201509</subfield>
      <subfield code="d">Lectio Magister dixit</subfield>
    </datafield>
  </record>