
  <record>
    <leader>02108ntm a2200553 u 4500</leader>
    <controlfield tag="001">9992179110001488</controlfield>
    <controlfield tag="005">20151221082337.0</controlfield>
    <controlfield tag="008">150417q1764    xx      |     000 0 lat c</controlfield>
    <datafield tag="035" ind1=" " ind2=" ">
      <subfield code="a">(BeLVLBS)9992183108801471</subfield>
    </datafield>
    <datafield tag="035" ind1=" " ind2=" ">
      <subfield code="a">(EXLNZ-32KUL_LIBIS_NETWORK)9992339770101471</subfield>
    </datafield>
    <datafield tag="245" ind1="0" ind2="0">
      <subfield code="a">Testrecord display &amp; filters Magister Dixit project</subfield>
    </datafield>
    <datafield tag="264" ind1=" " ind2="1">
      <subfield code="c">1764</subfield>
    </datafield>
    <datafield tag="300" ind1=" " ind2=" ">
      <subfield code="a">92 f.</subfield>
      <subfield code="b">ill.</subfield>
      <subfield code="c">205 x 170  mm.</subfield>
    </datafield>
    <datafield tag="300" ind1=" " ind2=" ">
      <subfield code="a">Parchment binding ; 4 new white ties ; restored</subfield>
      <subfield code="b">test b</subfield>
    </datafield>
    <datafield tag="336" ind1=" " ind2=" ">
      <subfield code="a">text</subfield>
      <subfield code="2">rdacontent</subfield>
    </datafield>
    <datafield tag="337" ind1=" " ind2=" ">
      <subfield code="a">unmediated</subfield>
      <subfield code="2">rdamedia</subfield>
    </datafield>
    <datafield tag="338" ind1=" " ind2=" ">
      <subfield code="a">volume</subfield>
      <subfield code="2">rdacarrier</subfield>
    </datafield>
    <datafield tag="340" ind1=" " ind2=" ">
      <subfield code="e">Paper</subfield>
    </datafield>
    <datafield tag="351" ind1=" " ind2=" ">
      <subfield code="a">Band in perkament ; 4 witte veters ;  gerestaureerd</subfield>
    </datafield>
    <datafield tag="500" ind1=" " ind2=" ">
      <subfield code="a">Title created by cataloguer</subfield>
    </datafield>
    <datafield tag="500" ind1=" " ind2=" ">
      <subfield code="a">1 chronogram</subfield>
    </datafield>
    <datafield tag="500" ind1=" " ind2=" ">
      <subfield code="a">Chronogram on flyleaf reads : DIaLeCtICa Ista petrI vanDeneVnde [= 1764]</subfield>
    </datafield>
    <datafield tag="505" ind1="0" ind2=" ">
      <subfield code="a">* Principia pro materia de vocibus</subfield>
      <subfield code="g">f. 1v-37v</subfield>
    </datafield>
    <datafield tag="505" ind1="0" ind2=" ">
      <subfield code="a">** Appendix 1a [-Appendix 6a]</subfield>
      <subfield code="g">f. 29v-36r</subfield>
    </datafield>
    <datafield tag="505" ind1="0" ind2=" ">
      <subfield code="a">** Appendix 7a 4a julii</subfield>
      <subfield code="g">f. 36r-37v</subfield>
    </datafield>
    <datafield tag="505" ind1="0" ind2=" ">
      <subfield code="a">* Principia pro materia de compositis 22 aprilis</subfield>
      <subfield code="g">f. 39r-91r</subfield>
    </datafield>
    <datafield tag="505" ind1="0" ind2=" ">
      <subfield code="a">** Appendix 1a  [- Appendix 19a]</subfield>
      <subfield code="g">f. 57r-85r</subfield>
    </datafield>
    <datafield tag="505" ind1="0" ind2=" ">
      <subfield code="a">** Appendix 20 1ma aug[us]ti</subfield>
      <subfield code="g">f. 85r-88v</subfield>
    </datafield>
    <datafield tag="505" ind1="0" ind2=" ">
      <subfield code="a">** Repetitio de compositis</subfield>
      <subfield code="g">f. 89r-91r</subfield>
    </datafield>
    <datafield tag="546" ind1=" " ind2=" ">
      <subfield code="a">Latin</subfield>
    </datafield>
    <datafield tag="544" ind1=" " ind2=" ">
      <subfield code="a">Louvain-la-Neuve, Archives de l'Université catholique de Louvain</subfield>
      <subfield code="b">Ms. C198</subfield>
    </datafield>
    <datafield tag="653" ind1=" " ind2="6">
      <subfield code="a">Manuscripts</subfield>
    </datafield>
    <datafield tag="653" ind1=" " ind2="6">
      <subfield code="a">Lecture notes</subfield>
    </datafield>
    <datafield tag="700" ind1="1" ind2=" ">
      <subfield code="a">Vandeneunde, Petrus</subfield>
      <subfield code="4">stu</subfield>
    </datafield>
    <datafield tag="700" ind1="1" ind2=" ">
      <subfield code="a">Lanoye, Diederik</subfield>
      <subfield code="b">I</subfield>
      <subfield code="c">master</subfield>
      <subfield code="d">1977-</subfield>
      <subfield code="q">test q</subfield>
      <subfield code="g">test g</subfield>
      <subfield code="3">test 3</subfield>
      <subfield code="4">pfs</subfield>
    </datafield>
    <datafield tag="700" ind1="1" ind2=" ">
      <subfield code="a">Lannoy, Luc</subfield>
      <subfield code="4">aow</subfield>
    </datafield>
    <datafield tag="700" ind1="1" ind2=" ">
      <subfield code="a">Lannoy, Luc</subfield>
      <subfield code="4">aut</subfield>
    </datafield>
    <datafield tag="700" ind1="1" ind2=" ">
      <subfield code="a">Lannoy, Luc</subfield>
      <subfield code="4">egr</subfield>
    </datafield>
    <datafield tag="700" ind1="1" ind2=" ">
      <subfield code="a">Lannoy, Luc</subfield>
      <subfield code="4">etc</subfield>
    </datafield>
    <datafield tag="700" ind1="1" ind2=" ">
      <subfield code="a">Lannoy, Luc</subfield>
      <subfield code="4">ill</subfield>
    </datafield>
    <datafield tag="700" ind1="1" ind2=" ">
      <subfield code="a">Lannoy, Luc</subfield>
      <subfield code="4">oth</subfield>
    </datafield>
    <datafield tag="700" ind1="1" ind2=" ">
      <subfield code="a">Lannoy, Luc</subfield>
      <subfield code="4">prt</subfield>
    </datafield>
    <datafield tag="830" ind1=" " ind2="0">
      <subfield code="a">De vocibus</subfield>
    </datafield>
    <datafield tag="830" ind1=" " ind2="0">
      <subfield code="a">De compositis</subfield>
    </datafield>
    <datafield tag="900" ind1=" " ind2=" ">
      <subfield code="a">CONSOLIDATED RECORD</subfield>
    </datafield>
    <datafield tag="950" ind1=" " ind2=" ">
      <subfield code="a">1 : coloured</subfield>
      <subfield code="b">pen drawing(s)</subfield>
      <subfield code="c">with text &quot;DIaLeCtICa Ista petrI vanDeneVnde&quot;</subfield>
    </datafield>
    <datafield tag="950" ind1=" " ind2=" ">
      <subfield code="a">f. 53r :</subfield>
      <subfield code="b">pen drawing(s)</subfield>
      <subfield code="c">tabula oppositarum</subfield>
    </datafield>
    <datafield tag="952" ind1=" " ind2=" ">
      <subfield code="d">Leuven (Louvain)</subfield>
      <subfield code="e">Pedagogie onbekend</subfield>
      <subfield code="f">Faculty of Arts, pedagogy unknown</subfield>
    </datafield>
    <datafield tag="953" ind1=" " ind2=" ">
      <subfield code="b">1701-1800</subfield>
    </datafield>
    <datafield tag="996" ind1=" " ind2=" ">
      <subfield code="a">UCL</subfield>
      <subfield code="b">physical</subfield>
      <subfield code="c">201509</subfield>
      <subfield code="d">Lectio Magister dixit</subfield>
    </datafield>
  </record>
  <record>
    <leader>00967nx  a22002771i 4500</leader>
    <controlfield tag="001">22320901890001488</controlfield>
    <controlfield tag="004">9983524100101488</controlfield>
    <controlfield tag="005">20151201161110.0</controlfield>
    <controlfield tag="008">1111072u    8   4001uulat0000000</controlfield>
    <datafield ind1=" " ind2=" " tag="541">
      <subfield code="a">Mechelen: GSM</subfield>
      <subfield code="c">Manuscriptdep</subfield>
      <subfield code="d">201111</subfield>
    </datafield>
    <datafield ind1=" " ind2=" " tag="561">
      <subfield code="a">Mechelen: GSM</subfield>
    </datafield>
    <datafield ind1=" " ind2=" " tag="561">
      <subfield code="a">Cleymans, Petrus</subfield>
      <subfield code="3">Handwritten</subfield>
    </datafield>
    <datafield ind1=" " ind2=" " tag="561">
      <subfield code="a">van Gilse, [D.C.?]</subfield>
      <subfield code="3">Handwritten</subfield>
    </datafield>
    <datafield ind1=" " ind2=" " tag="561">
      <subfield code="a">De Coster, H. L.</subfield>
      <subfield code="3">Ownership stamp</subfield>
    </datafield>
    <datafield ind1=" " ind2=" " tag="852">
      <subfield code="b">GBIB</subfield>
      <subfield code="c">GBIB</subfield>
      <subfield code="h">PM0478</subfield>
    </datafield>
    <datafield ind1=" " ind2=" " tag="935">
      <subfield code="a">DIGI_0033_0407</subfield>
    </datafield>
    <datafield ind1=" " ind2=" " tag="949">
      <subfield code="a">UBKUL collegedictaten 2015 MSB</subfield>
    </datafield>
    <datafield ind1=" " ind2=" " tag="949">
      <subfield code="a">Fonds InBev-Baillet Latour</subfield>
    </datafield>
    <datafield ind1=" " ind2=" " tag="949">
      <subfield code="a">UBD metadata collegedictaten 2015 september 08</subfield>
    </datafield>
    <datafield ind1=" " ind2=" " tag="949">
      <subfield code="a">UBKUL collegedictaten host</subfield>
    </datafield>
    <datafield ind1=" " ind2=" " tag="949">
      <subfield code="a">UBKUL collegedictaten host GBIB</subfield>
    </datafield>
    <datafield ind1=" " ind2=" " tag="949">
      <subfield code="a">Ex Cathedra project</subfield>
    </datafield>
    <datafield ind1=" " ind2=" " tag="961">
      <subfield code="a">Mechelen: GSM</subfield>
    </datafield>
    <datafield ind1=" " ind2=" " tag="961">
      <subfield code="a">Cleymans, Petrus</subfield>
      <subfield code="c">Handwritten</subfield>
    </datafield>
    <datafield ind1=" " ind2=" " tag="961">
      <subfield code="a">van Gilse, [D.C.?]</subfield>
      <subfield code="c">Handwritten</subfield>
    </datafield>
    <datafield ind1=" " ind2=" " tag="961">
      <subfield code="a">De Coster, H. L.</subfield>
      <subfield code="b">H. L. De Coster chanoine Malines</subfield>
      <subfield code="c">Ownership stamp</subfield>
    </datafield>
    <datafield ind1=" " ind2=" " tag="962">
      <subfield code="a">Mechelen: GSM</subfield>
      <subfield code="b">GSM Cod. 103</subfield>
    </datafield>
    <datafield ind1=" " ind2=" " tag="963">
      <subfield code="a">Binding in poor condition</subfield>
    </datafield>
  </record>
  <record>
    <leader>00541nx  a22001571i 4500</leader>
    <controlfield tag="001">22322224650001488</controlfield>
    <controlfield tag="004">9985276830101488</controlfield>
    <controlfield tag="005">20151201163936.0</controlfield>
    <controlfield tag="008">1206072u    8   4001uulat0000000</controlfield>
    <datafield ind1=" " ind2=" " tag="541">
      <subfield code="a">The Romantic Agony, 2011, cat. 46, nr. 995</subfield>
      <subfield code="c">Monographacq</subfield>
      <subfield code="d">201206</subfield>
    </datafield>
    <datafield ind1=" " ind2=" " tag="561">
      <subfield code="a">Bragard, Philippe</subfield>
      <subfield code="3">Supralibros</subfield>
    </datafield>
    <datafield ind1=" " ind2=" " tag="852">
      <subfield code="b">BIBC</subfield>
      <subfield code="c">BRES</subfield>
      <subfield code="h">Ms. 352</subfield>
    </datafield>
    <datafield ind1=" " ind2=" " tag="935">
      <subfield code="a">DIGI_0033_0152</subfield>
    </datafield>
    <datafield ind1=" " ind2=" " tag="949">
      <subfield code="a">UBKUL collegedictaten host BIBC aanwinst</subfield>
    </datafield>
    <datafield ind1=" " ind2=" " tag="949">
      <subfield code="a">UBKUL collegedictaten 2015 BIBC</subfield>
    </datafield>
    <datafield ind1=" " ind2=" " tag="949">
      <subfield code="a">Fonds InBev-Baillet Latour</subfield>
    </datafield>
    <datafield ind1=" " ind2=" " tag="961">
      <subfield code="a">Bragard, Philippe</subfield>
      <subfield code="b">Ex libris Philippe Bragard 1986</subfield>
      <subfield code="c">Supralibros</subfield>
    </datafield>
    <datafield ind1=" " ind2=" " tag="989">
      <subfield code="a">?</subfield>
    </datafield>
  </record>
  <record>
    <leader>00863nx  a22002291i 4500</leader>
    <controlfield tag="001">22317214770001488</controlfield>
    <controlfield tag="004">9977344860101488</controlfield>
    <controlfield tag="005">20151201152313.0</controlfield>
    <controlfield tag="008">1010112u    8   4001uulat0000000</controlfield>
    <datafield ind1=" " ind2=" " tag="541">
      <subfield code="a">Devroe (Leuven)</subfield>
      <subfield code="c">Manuscriptacq</subfield>
      <subfield code="d">201010</subfield>
    </datafield>
    <datafield ind1=" " ind2=" " tag="561">
      <subfield code="a">Van Loock, A.</subfield>
      <subfield code="3">Ownership stamp</subfield>
    </datafield>
    <datafield ind1=" " ind2=" " tag="561">
      <subfield code="a">de Robersart (comte)</subfield>
      <subfield code="3">Bookplate</subfield>
    </datafield>
    <datafield ind1=" " ind2=" " tag="852">
      <subfield code="b">BIBC</subfield>
      <subfield code="c">BRES</subfield>
      <subfield code="h">Ms. 201</subfield>
    </datafield>
    <datafield ind1=" " ind2=" " tag="935">
      <subfield code="a">DIGI_0033_0001</subfield>
    </datafield>
    <datafield ind1=" " ind2=" " tag="949">
      <subfield code="a">UBKUL collegedictaten host</subfield>
    </datafield>
    <datafield ind1=" " ind2=" " tag="949">
      <subfield code="a">Ex Cathedra project</subfield>
    </datafield>
    <datafield ind1=" " ind2=" " tag="949">
      <subfield code="a">UBKUL collegedictaten 2015 BIBC</subfield>
    </datafield>
    <datafield ind1=" " ind2=" " tag="949">
      <subfield code="a">Fonds InBev-Baillet Latour</subfield>
    </datafield>
    <datafield ind1=" " ind2=" " tag="961">
      <subfield code="a">Van Loock, A.</subfield>
      <subfield code="b">A. Van Loock Rue St-Jean, 51 1000 Bruxelles</subfield>
      <subfield code="c">Ownership stamp</subfield>
    </datafield>
    <datafield ind1=" " ind2=" " tag="961">
      <subfield code="a">de Robersart (comte)</subfield>
      <subfield code="b">Bibliothèque de Mr. le comte de Robersart</subfield>
      <subfield code="c">Bookplate</subfield>
    </datafield>
    <datafield ind1=" " ind2=" " tag="962">
      <subfield code="a">BIBC</subfield>
      <subfield code="b">CaaCDLilium1</subfield>
    </datafield>
    <datafield ind1=" " ind2=" " tag="963">
      <subfield code="a">F. 87 and, 89 are missing ; f. 190 is skipped in nummeration</subfield>
    </datafield>
    <datafield ind1=" " ind2=" " tag="963">
      <subfield code="a">Bandcover is damaged and in poor condition</subfield>
    </datafield>
    <datafield ind1=" " ind2=" " tag="989">
      <subfield code="a">1998</subfield>
    </datafield>
  </record>
  <record>
    <leader>00551nx  a22001811i 4500</leader>
    <controlfield tag="001">22318308840001488</controlfield>
    <controlfield tag="004">9980058550101488</controlfield>
    <controlfield tag="008">1103282u    8   4001uulat0000000</controlfield>
    <controlfield tag="005">20150921095817.0</controlfield>
    <datafield ind1=" " ind2=" " tag="541">
      <subfield code="a">De Vocht, Henri</subfield>
      <subfield code="c">Manuscriptdon</subfield>
      <subfield code="d">201103</subfield>
    </datafield>
    <datafield ind1=" " ind2=" " tag="561">
      <subfield code="a">De Vocht, Henri</subfield>
      <subfield code="3">Handwritten</subfield>
    </datafield>
    <datafield ind1=" " ind2=" " tag="852">
      <subfield code="b">BIBC</subfield>
      <subfield code="c">BRES</subfield>
      <subfield code="h">Ms. 304</subfield>
    </datafield>
    <datafield ind1=" " ind2=" " tag="949">
      <subfield code="a">UBKUL collegedictaten host</subfield>
    </datafield>
    <datafield ind1=" " ind2=" " tag="949">
      <subfield code="a">Ex Cathedra project</subfield>
    </datafield>
    <datafield ind1=" " ind2=" " tag="949">
      <subfield code="a">UBKUL collegedictaten 2015 BIBC</subfield>
    </datafield>
    <datafield ind1=" " ind2=" " tag="949">
      <subfield code="a">Fonds InBev-Baillet Latour</subfield>
    </datafield>
    <datafield ind1=" " ind2=" " tag="961">
      <subfield code="a">De Vocht, Henri</subfield>
      <subfield code="b">Henry de Vocht</subfield>
      <subfield code="c">Handwritten</subfield>
    </datafield>
    <datafield ind1=" " ind2=" " tag="962">
      <subfield code="a">BIBC</subfield>
      <subfield code="b">CaaCDTrinitas1</subfield>
    </datafield>
    <datafield ind1=" " ind2=" " tag="962">
      <subfield code="a">BIBC</subfield>
      <subfield code="b">C36</subfield>
    </datafield>
    <datafield ind1=" " ind2=" " tag="989">
      <subfield code="a">1962</subfield>
    </datafield>
  </record>
  <record>
    <leader>00364nx  a22001211n 4500</leader>
    <controlfield tag="001">22354618150001488</controlfield>
    <controlfield tag="004">9992119909401488</controlfield>
    <controlfield tag="005">20151201215013.0</controlfield>
    <controlfield tag="008">1011252u    8   4001uueng0000000</controlfield>
    <datafield ind1=" " ind2=" " tag="541">
      <subfield code="c">Manuscriptacq</subfield>
      <subfield code="d">201504</subfield>
    </datafield>
    <datafield ind1="8" ind2=" " tag="852">
      <subfield code="b">BIBC</subfield>
      <subfield code="c">BRES</subfield>
      <subfield code="h">Ms. 363</subfield>
    </datafield>
    <datafield ind1=" " ind2=" " tag="935">
      <subfield code="a">DIGI_0033_0163</subfield>
    </datafield>
    <datafield ind1=" " ind2=" " tag="949">
      <subfield code="a">UBKUL collegedictaten 2015 KULeuven BIBC</subfield>
    </datafield>
    <datafield ind1=" " ind2=" " tag="949">
      <subfield code="a">Fonds InBev Baillet Latour</subfield>
    </datafield>
    <datafield ind1=" " ind2=" " tag="949">
      <subfield code="a">UBD metadata collegedictaten 2015 april 28</subfield>
    </datafield>
  </record>
  <record>
    <leader>00524nx  a22001691i 4500</leader>
    <controlfield tag="001">22317445440001488</controlfield>
    <controlfield tag="004">9977468650101488</controlfield>
    <controlfield tag="005">20151201152322.0</controlfield>
    <controlfield tag="008">1011042u    8   4001uulat0000000</controlfield>
    <datafield ind1=" " ind2=" " tag="541">
      <subfield code="a">PK423</subfield>
      <subfield code="d">201011</subfield>
    </datafield>
    <datafield ind1=" " ind2=" " tag="561">
      <subfield code="a">Geerts, T.</subfield>
      <subfield code="3">Handwritten</subfield>
    </datafield>
    <datafield ind1=" " ind2=" " tag="852">
      <subfield code="b">BIBC</subfield>
      <subfield code="c">BRES</subfield>
      <subfield code="h">Ms. 233</subfield>
    </datafield>
    <datafield ind1=" " ind2=" " tag="935">
      <subfield code="a">DIGI_0033_0033</subfield>
    </datafield>
    <datafield ind1=" " ind2=" " tag="949">
      <subfield code="a">UBKUL collegedictaten host</subfield>
    </datafield>
    <datafield ind1=" " ind2=" " tag="949">
      <subfield code="a">Ex Cathedra project</subfield>
    </datafield>
    <datafield ind1=" " ind2=" " tag="949">
      <subfield code="a">UBKUL collegedictaten 2015 BIBC</subfield>
    </datafield>
    <datafield ind1=" " ind2=" " tag="949">
      <subfield code="a">Fonds InBev-Baillet Latour</subfield>
    </datafield>
    <datafield ind1=" " ind2=" " tag="961">
      <subfield code="a">Geerts, T.</subfield>
      <subfield code="b">ex libris T. Geerts Lummensis anno 1770</subfield>
      <subfield code="c">Handwritten</subfield>
    </datafield>
    <datafield ind1=" " ind2=" " tag="962">
      <subfield code="a">BIBC</subfield>
      <subfield code="b">CaaCDCastrum7</subfield>
    </datafield>
  </record>
  <record>
    <leader>00827nx  a22002291i 4500</leader>
    <controlfield tag="001">22323047310001488</controlfield>
    <controlfield tag="004">9984692670101488</controlfield>
    <controlfield tag="005">20151201171130.0</controlfield>
    <controlfield tag="008">1202162u    8   4001uulat0000000</controlfield>
    <datafield ind1=" " ind2=" " tag="541">
      <subfield code="a">Heverlee : S.J. (bibl. ABSE)</subfield>
      <subfield code="c">Manuscriptdep</subfield>
      <subfield code="d">201202</subfield>
      <subfield code="f">GBIB</subfield>
    </datafield>
    <datafield ind1=" " ind2=" " tag="561">
      <subfield code="a">Coll. Stae Barb. Gandae</subfield>
      <subfield code="3">Bookplate</subfield>
    </datafield>
    <datafield ind1=" " ind2=" " tag="852">
      <subfield code="b">GBIB</subfield>
      <subfield code="c">GBIB</subfield>
      <subfield code="h">PM0334</subfield>
    </datafield>
    <datafield ind1=" " ind2=" " tag="935">
      <subfield code="a">DIGI_0033_0406</subfield>
    </datafield>
    <datafield ind1=" " ind2=" " tag="949">
      <subfield code="a">SR boekblok (gedeeltelijk) losgeraakt</subfield>
    </datafield>
    <datafield ind1=" " ind2=" " tag="949">
      <subfield code="a">UBKUL collegedictaten host</subfield>
    </datafield>
    <datafield ind1=" " ind2=" " tag="949">
      <subfield code="a">UBKUL collegedictaten host GBIB</subfield>
    </datafield>
    <datafield ind1=" " ind2=" " tag="949">
      <subfield code="a">Ex Cathedra project</subfield>
    </datafield>
    <datafield ind1=" " ind2=" " tag="949">
      <subfield code="a">UBKUL collegedictaten 2015 MSB</subfield>
    </datafield>
    <datafield ind1=" " ind2=" " tag="949">
      <subfield code="a">Fonds InBev-Baillet Latour</subfield>
    </datafield>
    <datafield ind1=" " ind2=" " tag="949">
      <subfield code="a">UBD metadata collegedictaten 2015 september 04</subfield>
    </datafield>
    <datafield ind1=" " ind2=" " tag="961">
      <subfield code="a">Coll. Stae Barb. Gandae</subfield>
      <subfield code="c">Bookplate</subfield>
    </datafield>
    <datafield ind1=" " ind2=" " tag="962">
      <subfield code="a">GBIB</subfield>
      <subfield code="b">Ms SJ CR 434</subfield>
    </datafield>
    <datafield ind1=" " ind2=" " tag="963">
      <subfield code="a">Bandcover is very bad condition</subfield>
    </datafield>
    <datafield ind1=" " ind2=" " tag="963">
      <subfield code="a">Frontispice inserted : Sainte Catherine (Crepy ex.)</subfield>
    </datafield>
  </record>
  <record>
    <leader>00668nx  a22001811i 4500</leader>
    <controlfield tag="001">22317325220001488</controlfield>
    <controlfield tag="004">9977413430101488</controlfield>
    <controlfield tag="008">1010212u    8   4001uulat0000000</controlfield>
    <controlfield tag="005">20150921085850.0</controlfield>
    <datafield ind1=" " ind2=" " tag="541">
      <subfield code="a">Devroe (Leuven)</subfield>
      <subfield code="c">Manuscriptacq</subfield>
      <subfield code="d">201010</subfield>
    </datafield>
    <datafield ind1=" " ind2=" " tag="561">
      <subfield code="a">van Cantelbeke, Henricus Joannes</subfield>
      <subfield code="3">Handwritten</subfield>
    </datafield>
    <datafield ind1=" " ind2=" " tag="852">
      <subfield code="b">BIBC</subfield>
      <subfield code="c">BRES</subfield>
      <subfield code="h">Ms. 206</subfield>
    </datafield>
    <datafield ind1=" " ind2=" " tag="949">
      <subfield code="a">UBKUL collegedictaten host</subfield>
    </datafield>
    <datafield ind1=" " ind2=" " tag="949">
      <subfield code="a">Ex Cathedra project</subfield>
    </datafield>
    <datafield ind1=" " ind2=" " tag="949">
      <subfield code="a">UBKUL collegedictaten 2015 BIBC</subfield>
    </datafield>
    <datafield ind1=" " ind2=" " tag="949">
      <subfield code="a">Fonds InBev-Baillet Latour</subfield>
    </datafield>
    <datafield ind1=" " ind2=" " tag="961">
      <subfield code="a">van Cantelbeke, Henricus Joannes</subfield>
      <subfield code="b">Ex Libris Henrici Joannis Van Cantelbeek</subfield>
      <subfield code="c">Handwritten</subfield>
    </datafield>
    <datafield ind1=" " ind2=" " tag="962">
      <subfield code="a">BIBC</subfield>
      <subfield code="b">CaaCDLiliium4/2</subfield>
    </datafield>
    <datafield ind1=" " ind2=" " tag="963">
      <subfield code="a">2011: restoration by Myriam van Herck (Heverlee), book restorator</subfield>
    </datafield>
    <datafield ind1=" " ind2=" " tag="989">
      <subfield code="a">1990</subfield>
    </datafield>
  </record>
  <record>
    <leader>00617nx  a22001931i 4500</leader>
    <controlfield tag="001">22318340570001488</controlfield>
    <controlfield tag="004">9980108010101488</controlfield>
    <controlfield tag="005">20151201152410.0</controlfield>
    <controlfield tag="008">1104062u    8   4001uulat0000000</controlfield>
    <datafield ind1=" " ind2=" " tag="541">
      <subfield code="a">De Vocht, Henri</subfield>
      <subfield code="c">Manuscriptdon</subfield>
      <subfield code="d">201104</subfield>
    </datafield>
    <datafield ind1=" " ind2=" " tag="561">
      <subfield code="a">de Lerneux, Florent</subfield>
      <subfield code="3">Handwritten</subfield>
    </datafield>
    <datafield ind1=" " ind2=" " tag="852">
      <subfield code="b">BIBC</subfield>
      <subfield code="c">BRES</subfield>
      <subfield code="h">Ms. 309</subfield>
    </datafield>
    <datafield ind1=" " ind2=" " tag="935">
      <subfield code="a">DIGI_0033_0109</subfield>
    </datafield>
    <datafield ind1=" " ind2=" " tag="949">
      <subfield code="a">UBKUL collegedictaten host</subfield>
    </datafield>
    <datafield ind1=" " ind2=" " tag="949">
      <subfield code="a">Ex Cathedra project</subfield>
    </datafield>
    <datafield ind1=" " ind2=" " tag="949">
      <subfield code="a">UBKUL collegedictaten 2015 BIBC</subfield>
    </datafield>
    <datafield ind1=" " ind2=" " tag="949">
      <subfield code="a">Fonds InBev-Baillet Latour</subfield>
    </datafield>
    <datafield ind1=" " ind2=" " tag="961">
      <subfield code="a">de Lerneux, Florent</subfield>
      <subfield code="b">Ce livre apartient a Florent de Lerneux de Presle</subfield>
      <subfield code="c">Handwritten</subfield>
    </datafield>
    <datafield ind1=" " ind2=" " tag="962">
      <subfield code="a">BIBC</subfield>
      <subfield code="b">CaaCD1</subfield>
    </datafield>
    <datafield ind1=" " ind2=" " tag="962">
      <subfield code="a">BIBC</subfield>
      <subfield code="b">C37</subfield>
    </datafield>
    <datafield ind1=" " ind2=" " tag="989">
      <subfield code="a">1962</subfield>
    </datafield>
  </record>
  <record>
    <leader>00631nx  a22001931i 4500</leader>
    <controlfield tag="001">22318156760001488</controlfield>
    <controlfield tag="004">9979964850101488</controlfield>
    <controlfield tag="005">20151201152348.0</controlfield>
    <controlfield tag="008">1103072u    8   4001uulat0000000</controlfield>
    <datafield ind1=" " ind2=" " tag="541">
      <subfield code="a">Moorthamers (Brussel)</subfield>
      <subfield code="c">Manuscriptacq</subfield>
      <subfield code="d">201103</subfield>
    </datafield>
    <datafield ind1=" " ind2=" " tag="852">
      <subfield code="b">BIBC</subfield>
      <subfield code="c">BRES</subfield>
      <subfield code="h">Ms. 280</subfield>
    </datafield>
    <datafield ind1=" " ind2=" " tag="935">
      <subfield code="a">DIGI_0033_0080</subfield>
    </datafield>
    <datafield ind1=" " ind2=" " tag="949">
      <subfield code="a">UBKUL collegedictaten host</subfield>
    </datafield>
    <datafield ind1=" " ind2=" " tag="949">
      <subfield code="a">Ex Cathedra project</subfield>
    </datafield>
    <datafield ind1=" " ind2=" " tag="949">
      <subfield code="a">UBKUL collegedictaten 2015 BIBC</subfield>
    </datafield>
    <datafield ind1=" " ind2=" " tag="949">
      <subfield code="a">Fonds InBev-Baillet Latour</subfield>
    </datafield>
    <datafield ind1=" " ind2=" " tag="962">
      <subfield code="a">BIBC</subfield>
      <subfield code="b">CaaCDPorcus20</subfield>
    </datafield>
    <datafield ind1=" " ind2=" " tag="962">
      <subfield code="a">BIBC</subfield>
      <subfield code="b">C87</subfield>
    </datafield>
    <datafield ind1=" " ind2=" " tag="963">
      <subfield code="a">Bandcover in poor condition : serveral notes on endpapers</subfield>
    </datafield>
    <datafield ind1=" " ind2=" " tag="963">
      <subfield code="a">Some folios are pulled out at the end of the manuscript</subfield>
    </datafield>
    <datafield ind1=" " ind2=" " tag="989">
      <subfield code="a">19640630</subfield>
    </datafield>
  </record>
  <record>
    <leader>00943nx  a22002291i 4500</leader>
    <controlfield tag="001">22319815900001488</controlfield>
    <controlfield tag="004">9983091750101488</controlfield>
    <controlfield tag="005">20151201154343.0</controlfield>
    <controlfield tag="008">1109192u    8   4001uulat0000000</controlfield>
    <datafield ind1=" " ind2=" " tag="541">
      <subfield code="d">201109</subfield>
    </datafield>
    <datafield ind1=" " ind2=" " tag="561">
      <subfield code="a">Vyvens, Emmanuel Livinus</subfield>
      <subfield code="3">Handwritten</subfield>
    </datafield>
    <datafield ind1=" " ind2=" " tag="561">
      <subfield code="a">Vyvens, Lucovicus</subfield>
      <subfield code="3">Handwritten</subfield>
    </datafield>
    <datafield ind1=" " ind2=" " tag="561">
      <subfield code="a">Sint-Niklaas, Klein seminarie</subfield>
      <subfield code="3">Ownership stamp</subfield>
    </datafield>
    <datafield ind1=" " ind2=" " tag="561">
      <subfield code="a">Drongen, Sint-Paulusseminarie</subfield>
      <subfield code="3">Ownership stamp</subfield>
    </datafield>
    <datafield ind1=" " ind2=" " tag="852">
      <subfield code="b">BIBC</subfield>
      <subfield code="c">BRES</subfield>
      <subfield code="h">Ms. 341</subfield>
    </datafield>
    <datafield ind1=" " ind2=" " tag="935">
      <subfield code="a">DIGI_0033_0141</subfield>
    </datafield>
    <datafield ind1=" " ind2=" " tag="949">
      <subfield code="a">UBKUL collegedictaten host BIBC aanwinst</subfield>
    </datafield>
    <datafield ind1=" " ind2=" " tag="949">
      <subfield code="a">UBKUL collegedictaten 2015 BIBC</subfield>
    </datafield>
    <datafield ind1=" " ind2=" " tag="949">
      <subfield code="a">Fonds InBev-Baillet Latour</subfield>
    </datafield>
    <datafield ind1=" " ind2=" " tag="961">
      <subfield code="a">Vyvens, Emmanuel Livinus</subfield>
      <subfield code="b">hujus 2 Libri posseessor est Emmanuël Livinus Vyvens</subfield>
      <subfield code="c">Handwritten</subfield>
    </datafield>
    <datafield ind1=" " ind2=" " tag="961">
      <subfield code="a">Vyvens, Lucovicus</subfield>
      <subfield code="b">Ex Libris Ludovici Vyvens ex Cruyshautem</subfield>
      <subfield code="c">Handwritten</subfield>
    </datafield>
    <datafield ind1=" " ind2=" " tag="961">
      <subfield code="a">Sint-Niklaas, Klein seminarie</subfield>
      <subfield code="b">Klein seminari St Niklaas</subfield>
      <subfield code="c">Ownership stamp</subfield>
    </datafield>
    <datafield ind1=" " ind2=" " tag="961">
      <subfield code="a">Drongen, Sint-Paulusseminarie</subfield>
      <subfield code="c">Ownership stamp</subfield>
    </datafield>
    <datafield ind1=" " ind2=" " tag="962">
      <subfield code="a">BIBC</subfield>
      <subfield code="b">C102</subfield>
    </datafield>
  </record>
  <record>
    <leader>00601nx  a22001571n 4500</leader>
    <controlfield tag="001">22351575890001488</controlfield>
    <controlfield tag="004">9992112188001488</controlfield>
    <controlfield tag="005">20151201212647.0</controlfield>
    <controlfield tag="008">1011252u    8   4001uueng0000000</controlfield>
    <datafield ind1=" " ind2=" " tag="541">
      <subfield code="c">Manuscriptacq</subfield>
    </datafield>
    <datafield ind1=" " ind2=" " tag="561">
      <subfield code="a">Bragard, Philippe</subfield>
      <subfield code="3">Supralibros</subfield>
    </datafield>
    <datafield ind1="8" ind2=" " tag="852">
      <subfield code="b">BIBC</subfield>
      <subfield code="c">BRES</subfield>
      <subfield code="h">Ms. 362</subfield>
    </datafield>
    <datafield ind1=" " ind2=" " tag="935">
      <subfield code="a">DIGI_0033_0162</subfield>
    </datafield>
    <datafield ind1=" " ind2=" " tag="949">
      <subfield code="a">UBKUL collegedictaten 2015 KULeuven BIBC</subfield>
    </datafield>
    <datafield ind1=" " ind2=" " tag="949">
      <subfield code="a">UBD metadata collegedictaten 2015 april 28</subfield>
    </datafield>
    <datafield ind1=" " ind2=" " tag="949">
      <subfield code="a">Fonds InBev Baillet Latour</subfield>
    </datafield>
    <datafield ind1=" " ind2=" " tag="961">
      <subfield code="a">Rucquoy, Michael Josephus</subfield>
      <subfield code="b">Sum Michaelis Josephi Rucquoy Paedagogii procensis alumni aô 1772</subfield>
      <subfield code="c">Handwritten</subfield>
    </datafield>
    <datafield ind1=" " ind2=" " tag="961">
      <subfield code="a">Bragard, Philippe</subfield>
      <subfield code="b">ex libris philippe bragard</subfield>
      <subfield code="c">Supralibros</subfield>
    </datafield>
  </record>
  <record>
    <leader>00757nx  a22002171i 4500</leader>
    <controlfield tag="001">22320930230001488</controlfield>
    <controlfield tag="004">9983528950101488</controlfield>
    <controlfield tag="005">20151201161126.0</controlfield>
    <controlfield tag="008">1111072u    8   4001uulat0000000</controlfield>
    <datafield ind1=" " ind2=" " tag="541">
      <subfield code="a">Mechelen: GSM</subfield>
      <subfield code="c">Manuscriptdep</subfield>
      <subfield code="d">201111</subfield>
    </datafield>
    <datafield ind1=" " ind2=" " tag="561">
      <subfield code="a">Mechelen: GSM</subfield>
    </datafield>
    <datafield ind1=" " ind2=" " tag="852">
      <subfield code="b">GBIB</subfield>
      <subfield code="c">GBIB</subfield>
      <subfield code="h">PM0479</subfield>
    </datafield>
    <datafield ind1=" " ind2=" " tag="935">
      <subfield code="a">DIGI_0033_0408</subfield>
    </datafield>
    <datafield ind1=" " ind2=" " tag="949">
      <subfield code="a">UBKUL collegedictaten host</subfield>
    </datafield>
    <datafield ind1=" " ind2=" " tag="949">
      <subfield code="a">UBKUL collegedictaten host GBIB</subfield>
    </datafield>
    <datafield ind1=" " ind2=" " tag="949">
      <subfield code="a">Ex Cathedra project</subfield>
    </datafield>
    <datafield ind1=" " ind2=" " tag="949">
      <subfield code="a">UBKUL collegedictaten 2015 MSB</subfield>
    </datafield>
    <datafield ind1=" " ind2=" " tag="949">
      <subfield code="a">Fonds InBev-Baillet Latour</subfield>
    </datafield>
    <datafield ind1=" " ind2=" " tag="949">
      <subfield code="a">UBD metadata collegedictaten 2015 september 08</subfield>
    </datafield>
    <datafield ind1=" " ind2=" " tag="961">
      <subfield code="a">Mechelen: GSM</subfield>
    </datafield>
    <datafield ind1=" " ind2=" " tag="962">
      <subfield code="a">Mechelen: GSM</subfield>
      <subfield code="h">GSM Cod. 256</subfield>
    </datafield>
    <datafield ind1=" " ind2=" " tag="963">
      <subfield code="a">Binding is in poor condition and damaged (fungus?)</subfield>
    </datafield>
    <datafield ind1=" " ind2=" " tag="963">
      <subfield code="a">Digital version renders the covers and a small selection of the folios</subfield>
    </datafield>
  </record>
  <record>
    <leader>01068nx  a22002891i 4500</leader>
    <controlfield tag="001">22321065830001488</controlfield>
    <controlfield tag="004">9983697900101488</controlfield>
    <controlfield tag="005">20151201161147.0</controlfield>
    <controlfield tag="008">1111302u    8   4001uulat0000000</controlfield>
    <datafield ind1=" " ind2=" " tag="541">
      <subfield code="a">Heverlee : S.J. (bibl. ABSE)</subfield>
      <subfield code="c">Manuscriptdep</subfield>
      <subfield code="d">201111</subfield>
      <subfield code="f">GBIB</subfield>
    </datafield>
    <datafield ind1=" " ind2=" " tag="561">
      <subfield code="a">Heverlee : S.J. (bibl. ABSE)</subfield>
    </datafield>
    <datafield ind1=" " ind2=" " tag="561">
      <subfield code="a">Antwerpen : S.J.</subfield>
    </datafield>
    <datafield ind1=" " ind2=" " tag="561">
      <subfield code="a">Colleg. Antv. Soc. Jesu</subfield>
      <subfield code="3">Bookplate</subfield>
    </datafield>
    <datafield ind1=" " ind2=" " tag="561">
      <subfield code="a">Biblioth. du College N. D. a Anvers</subfield>
      <subfield code="3">Ownership stamp</subfield>
    </datafield>
    <datafield ind1=" " ind2=" " tag="852">
      <subfield code="b">GBIB</subfield>
      <subfield code="c">GBIB</subfield>
      <subfield code="h">PM0024/Q</subfield>
    </datafield>
    <datafield ind1=" " ind2=" " tag="935">
      <subfield code="a">DIGI_0033_040xx</subfield>
    </datafield>
    <datafield ind1=" " ind2=" " tag="949">
      <subfield code="a">UBKUL collegedictaten host</subfield>
    </datafield>
    <datafield ind1=" " ind2=" " tag="949">
      <subfield code="a">UBKUL collegedictaten host GBIB</subfield>
    </datafield>
    <datafield ind1=" " ind2=" " tag="949">
      <subfield code="a">Ex Cathedra project</subfield>
    </datafield>
    <datafield ind1=" " ind2=" " tag="949">
      <subfield code="a">UBKUL collegedictaten 2015 MSB</subfield>
    </datafield>
    <datafield ind1=" " ind2=" " tag="949">
      <subfield code="a">Fonds InBev-Baillet Latour</subfield>
    </datafield>
    <datafield ind1=" " ind2=" " tag="949">
      <subfield code="a">UBD metadata collegedictaten 2015 september 09</subfield>
    </datafield>
    <datafield ind1=" " ind2=" " tag="961">
      <subfield code="a">Heverlee : S.J. (bibl. ABSE)</subfield>
    </datafield>
    <datafield ind1=" " ind2=" " tag="961">
      <subfield code="a">Antwerpen : S.J.</subfield>
    </datafield>
    <datafield ind1=" " ind2=" " tag="961">
      <subfield code="a">Colleg. Antv. Soc. Jesu</subfield>
      <subfield code="b">Colleg. Antv. Soc. Jesu N°</subfield>
      <subfield code="c">Bookplate</subfield>
    </datafield>
    <datafield ind1=" " ind2=" " tag="961">
      <subfield code="a">Biblioth. du College N. D. a Anvers</subfield>
      <subfield code="c">Ownership stamp</subfield>
    </datafield>
    <datafield ind1=" " ind2=" " tag="962">
      <subfield code="a">GBIB</subfield>
      <subfield code="b">Ms SJ (ABSE) 87 A 11</subfield>
    </datafield>
    <datafield ind1=" " ind2=" " tag="962">
      <subfield code="a">Heverlee : S.J. (bibl. ABSE)</subfield>
      <subfield code="b">87 A 11</subfield>
    </datafield>
    <datafield ind1=" " ind2=" " tag="989">
      <subfield code="a">201106</subfield>
    </datafield>
  </record>
  <record>
    <leader>00457nx  a22001451i 4500</leader>
    <controlfield tag="001">22320955820001488</controlfield>
    <controlfield tag="004">9983532560101488</controlfield>
    <controlfield tag="005">20151202112817.0</controlfield>
    <controlfield tag="008">1111082u    8   4001uulat0000000</controlfield>
    <datafield ind1=" " ind2=" " tag="541">
      <subfield code="a">Mechelen: GSM</subfield>
      <subfield code="c">Manuscriptdep</subfield>
      <subfield code="d">201111</subfield>
    </datafield>
    <datafield ind1=" " ind2=" " tag="852">
      <subfield code="b">GBIB</subfield>
      <subfield code="c">GBIB</subfield>
      <subfield code="h">GSM Cod. 102</subfield>
    </datafield>
    <datafield ind1=" " ind2=" " tag="949">
      <subfield code="a">UBKUL collegedictaten host</subfield>
    </datafield>
    <datafield ind1=" " ind2=" " tag="949">
      <subfield code="a">UBKUL collegedictaten host GBIB</subfield>
    </datafield>
    <datafield ind1=" " ind2=" " tag="949">
      <subfield code="a">Ex Cathedra project</subfield>
    </datafield>
    <datafield ind1=" " ind2=" " tag="949">
      <subfield code="a">UBKUL collegedictaten 2015 MSB</subfield>
    </datafield>
    <datafield ind1=" " ind2=" " tag="949">
      <subfield code="a">Fonds InBev-Baillet Latour</subfield>
    </datafield>
    <datafield ind1=" " ind2=" " tag="963">
      <subfield code="a">Binding in very bad condition</subfield>
    </datafield>
  </record>
  <record>
    <leader>00818nu  a2200253un 4500</leader>
    <controlfield tag="001">22270029420001488</controlfield>
    <controlfield tag="004">9915089830101488</controlfield>
    <controlfield tag="005">20151201151636.0</controlfield>
    <controlfield tag="008">1406300u    0   4000uuund0000000</controlfield>
    <datafield ind1=" " ind2=" " tag="541">
      <subfield code="c">Manuscriptacq</subfield>
      <subfield code="d">201102</subfield>
    </datafield>
    <datafield ind1=" " ind2=" " tag="561">
      <subfield code="a">Vesters</subfield>
      <subfield code="3">Handwritten</subfield>
    </datafield>
    <datafield ind1=" " ind2=" " tag="561">
      <subfield code="a">Van Linden, D. B.</subfield>
      <subfield code="3">Handwritten</subfield>
    </datafield>
    <datafield ind1=" " ind2=" " tag="852">
      <subfield code="b">BIBC</subfield>
      <subfield code="c">BRES</subfield>
      <subfield code="h">Ms. 267</subfield>
    </datafield>
    <datafield ind1=" " ind2=" " tag="935">
      <subfield code="a">DIGI_0033_0067</subfield>
    </datafield>
    <datafield ind1=" " ind2=" " tag="949">
      <subfield code="a">UBKUL collegedictaten host</subfield>
    </datafield>
    <datafield ind1=" " ind2=" " tag="949">
      <subfield code="a">Ex Cathedra project</subfield>
    </datafield>
    <datafield ind1=" " ind2=" " tag="949">
      <subfield code="a">UBKUL collegedictaten 2015 BIBC</subfield>
    </datafield>
    <datafield ind1=" " ind2=" " tag="949">
      <subfield code="a">Fonds InBev-Baillet Latour</subfield>
    </datafield>
    <datafield ind1=" " ind2=" " tag="961">
      <subfield code="a">Vesters</subfield>
      <subfield code="b">Ad usum [...] Vesters [...] 22 10bris 1773</subfield>
      <subfield code="c">Handwritten</subfield>
    </datafield>
    <datafield ind1=" " ind2=" " tag="961">
      <subfield code="a">Van Linden, D. B.</subfield>
      <subfield code="b">D. B. V Linden D B. Van Linden 1774</subfield>
      <subfield code="c">Handwritten</subfield>
    </datafield>
    <datafield ind1=" " ind2=" " tag="962">
      <subfield code="a">BIBC</subfield>
      <subfield code="b">CaaCDPorcus15</subfield>
    </datafield>
    <datafield ind1=" " ind2=" " tag="963">
      <subfield code="a">Bandcover in poor condition</subfield>
    </datafield>
    <datafield ind1=" " ind2=" " tag="963">
      <subfield code="a">Endpaper (f. 0) is damaged</subfield>
    </datafield>
    <datafield ind1=" " ind2=" " tag="989">
      <subfield code="a">1994.02.18</subfield>
    </datafield>
  </record>
  <record>
    <leader>00878nx  a22002291i 4500</leader>
    <controlfield tag="001">22318311600001488</controlfield>
    <controlfield tag="004">9980044110101488</controlfield>
    <controlfield tag="005">20151201152400.0</controlfield>
    <controlfield tag="008">1103232u    8   4001uulat0000000</controlfield>
    <datafield ind1=" " ind2=" " tag="541">
      <subfield code="a">The Romantic Agony</subfield>
      <subfield code="c">Manuscriptacq</subfield>
      <subfield code="d">201103</subfield>
      <subfield code="e">2008, cat. 35, nr. 1053</subfield>
    </datafield>
    <datafield ind1=" " ind2=" " tag="561">
      <subfield code="a">Gelin, R.D.E.</subfield>
      <subfield code="3">Ownership stamp</subfield>
    </datafield>
    <datafield ind1=" " ind2=" " tag="561">
      <subfield code="a">O.F.M. in Belgio</subfield>
      <subfield code="3">Ownership stamp</subfield>
    </datafield>
    <datafield ind1=" " ind2=" " tag="852">
      <subfield code="b">BIBC</subfield>
      <subfield code="c">BRES</subfield>
      <subfield code="h">Ms. 301</subfield>
    </datafield>
    <datafield ind1=" " ind2=" " tag="935">
      <subfield code="a">DIGI_0033_0101</subfield>
    </datafield>
    <datafield ind1=" " ind2=" " tag="949">
      <subfield code="a">UBKUL collegedictaten host</subfield>
    </datafield>
    <datafield ind1=" " ind2=" " tag="949">
      <subfield code="a">Ex Cathedra project</subfield>
    </datafield>
    <datafield ind1=" " ind2=" " tag="949">
      <subfield code="a">UBKUL collegedictaten 2015 BIBC</subfield>
    </datafield>
    <datafield ind1=" " ind2=" " tag="949">
      <subfield code="a">Fonds InBev-Baillet Latour</subfield>
    </datafield>
    <datafield ind1=" " ind2=" " tag="961">
      <subfield code="a">Gelin, R.D.E.</subfield>
      <subfield code="b">Ex libris R. D.-E. Gelin</subfield>
      <subfield code="c">Ownership stamp</subfield>
    </datafield>
    <datafield ind1=" " ind2=" " tag="961">
      <subfield code="a">O.F.M. in Belgio</subfield>
      <subfield code="b">O.F.M. in Belgio Sig. Studii Partis Wallonicae</subfield>
      <subfield code="c">Ownership stamp</subfield>
    </datafield>
    <datafield ind1=" " ind2=" " tag="963">
      <subfield code="a">2013: restoration by Myriam van Herck (Heverlee), book restorator</subfield>
    </datafield>
    <datafield ind1=" " ind2=" " tag="963">
      <subfield code="a">Band in very bad condition</subfield>
    </datafield>
    <datafield ind1=" " ind2=" " tag="963">
      <subfield code="a">F. 76 is partly missing</subfield>
    </datafield>
    <datafield ind1=" " ind2=" " tag="989">
      <subfield code="a">20081122</subfield>
    </datafield>
  </record>
  <record>
    <leader>00459nx  a22001451i 4500</leader>
    <controlfield tag="001">22267034260001488</controlfield>
    <controlfield tag="004">9992066370101488</controlfield>
    <controlfield tag="005">20151201151528.0</controlfield>
    <controlfield tag="008">1406232u    8   4001uulat0000000</controlfield>
    <datafield ind1=" " ind2=" " tag="541">
      <subfield code="a">Godts</subfield>
      <subfield code="c">Monographacq</subfield>
      <subfield code="d">201406</subfield>
    </datafield>
    <datafield ind1=" " ind2=" " tag="852">
      <subfield code="b">BIBC</subfield>
      <subfield code="c">BRES</subfield>
      <subfield code="h">Ms. 357</subfield>
    </datafield>
    <datafield ind1=" " ind2=" " tag="935">
      <subfield code="a">DIGI_0033_0157</subfield>
    </datafield>
    <datafield ind1=" " ind2=" " tag="949">
      <subfield code="a">UBKUL collegedictaten host BIBC aanwinst</subfield>
    </datafield>
    <datafield ind1=" " ind2=" " tag="949">
      <subfield code="a">UBKUL collegedictaten 2015 BIBC</subfield>
    </datafield>
    <datafield ind1=" " ind2=" " tag="949">
      <subfield code="a">Fonds InBev-Baillet Latour</subfield>
    </datafield>
    <datafield ind1=" " ind2=" " tag="963">
      <subfield code="a">Cover in good condition with &quot;Falcon&quot; stamps on the back</subfield>
    </datafield>
    <datafield ind1=" " ind2=" " tag="989">
      <subfield code="a">2014.03.18</subfield>
    </datafield>
  </record>
  <record>
    <leader>00747nx  a22002171i 4500</leader>
    <controlfield tag="001">22321161730001488</controlfield>
    <controlfield tag="004">9983686250101488</controlfield>
    <controlfield tag="005">20151201161207.0</controlfield>
    <controlfield tag="008">1111292u    8   4001uulat0000000</controlfield>
    <datafield ind1=" " ind2=" " tag="541">
      <subfield code="a">Geraardsbergen: C.J.</subfield>
      <subfield code="c">Manuscriptdep</subfield>
      <subfield code="d">201111</subfield>
    </datafield>
    <datafield ind1=" " ind2=" " tag="561">
      <subfield code="a">Geraardsbergen: C.J.</subfield>
    </datafield>
    <datafield ind1=" " ind2=" " tag="563">
      <subfield code="a">Calfskin</subfield>
      <subfield code="3">gold tooled spine</subfield>
    </datafield>
    <datafield ind1=" " ind2=" " tag="852">
      <subfield code="b">GBIB</subfield>
      <subfield code="c">GBIB</subfield>
      <subfield code="h">PM0326</subfield>
    </datafield>
    <datafield ind1=" " ind2=" " tag="935">
      <subfield code="a">DIGI_0033_0403</subfield>
    </datafield>
    <datafield ind1=" " ind2=" " tag="949">
      <subfield code="a">UBKUL collegedictaten host</subfield>
    </datafield>
    <datafield ind1=" " ind2=" " tag="949">
      <subfield code="a">UBKUL collegedictaten host GBIB</subfield>
    </datafield>
    <datafield ind1=" " ind2=" " tag="949">
      <subfield code="a">Ex Cathedra project</subfield>
    </datafield>
    <datafield ind1=" " ind2=" " tag="949">
      <subfield code="a">UBKUL collegedictaten 2015 MSB</subfield>
    </datafield>
    <datafield ind1=" " ind2=" " tag="949">
      <subfield code="a">Fonds InBev-Baillet Latour</subfield>
    </datafield>
    <datafield ind1=" " ind2=" " tag="949">
      <subfield code="a">UBD metadata collegedictaten 2015 september 03</subfield>
    </datafield>
    <datafield ind1=" " ind2=" " tag="961">
      <subfield code="a">Geraardsbergen: C.J.</subfield>
    </datafield>
    <datafield ind1=" " ind2=" " tag="962">
      <subfield code="a">GBIB</subfield>
      <subfield code="b">Ms CJ 29 J 24</subfield>
    </datafield>
    <datafield ind1=" " ind2=" " tag="963">
      <subfield code="a">Digital version renders the covers and a small selection of the folios</subfield>
    </datafield>
  </record>
  <record>
    <leader>00574nx  a22001811i 4500</leader>
    <controlfield tag="001">22318697470001488</controlfield>
    <controlfield tag="004">9982465140101488</controlfield>
    <controlfield tag="005">20151201152542.0</controlfield>
    <controlfield tag="008">1107182u    8   4001uulat0000000</controlfield>
    <datafield ind1=" " ind2=" " tag="541">
      <subfield code="a">Bockstaele, Paul</subfield>
      <subfield code="c">Manuscriptdon</subfield>
      <subfield code="d">200909</subfield>
    </datafield>
    <datafield ind1=" " ind2=" " tag="852">
      <subfield code="b">WBIB</subfield>
      <subfield code="c">WMAG</subfield>
      <subfield code="h">PRECA0018</subfield>
    </datafield>
    <datafield ind1=" " ind2=" " tag="935">
      <subfield code="a">DIGI_0033_0318</subfield>
    </datafield>
    <datafield ind1=" " ind2=" " tag="949">
      <subfield code="a">UBKUL collegedictaten host</subfield>
    </datafield>
    <datafield ind1=" " ind2=" " tag="949">
      <subfield code="a">UBKUL collegedictaten host CBA</subfield>
    </datafield>
    <datafield ind1=" " ind2=" " tag="949">
      <subfield code="a">Ex Cathedra project</subfield>
    </datafield>
    <datafield ind1=" " ind2=" " tag="949">
      <subfield code="a">UBKUL collegedictaten 2015 CBA</subfield>
    </datafield>
    <datafield ind1=" " ind2=" " tag="949">
      <subfield code="a">Fonds InBev-Baillet Latour</subfield>
    </datafield>
    <datafield ind1=" " ind2=" " tag="949">
      <subfield code="a">UBD metadata collegedictaten 2015 september 22</subfield>
    </datafield>
    <datafield ind1=" " ind2=" " tag="962">
      <subfield code="a">Ms. B12/2</subfield>
    </datafield>
    <datafield ind1=" " ind2=" " tag="963">
      <subfield code="a">Bandcover in poor condition</subfield>
    </datafield>
  </record>
  <record>
    <leader>00659nu  a2200205un 4500</leader>
    <controlfield tag="001">22267160010001488</controlfield>
    <controlfield tag="004">9914031280101488</controlfield>
    <controlfield tag="005">20151201151634.0</controlfield>
    <controlfield tag="008">1406300u    0   4000uuund0000000</controlfield>
    <datafield ind1=" " ind2=" " tag="541">
      <subfield code="a">Devroe (Leuven)</subfield>
      <subfield code="c">Manuscriptacq</subfield>
      <subfield code="d">201012</subfield>
    </datafield>
    <datafield ind1=" " ind2=" " tag="561">
      <subfield code="a">Seiger, Joannes Ferdinandus</subfield>
      <subfield code="3">Handwritten</subfield>
    </datafield>
    <datafield ind1=" " ind2=" " tag="852">
      <subfield code="b">BIBC</subfield>
      <subfield code="c">BRES</subfield>
      <subfield code="h">Ms. 241</subfield>
    </datafield>
    <datafield ind1=" " ind2=" " tag="935">
      <subfield code="a">DIGI_0033_0041</subfield>
    </datafield>
    <datafield ind1=" " ind2=" " tag="949">
      <subfield code="a">UBKUL collegedictaten host</subfield>
    </datafield>
    <datafield ind1=" " ind2=" " tag="949">
      <subfield code="a">Ex Cathedra project</subfield>
    </datafield>
    <datafield ind1=" " ind2=" " tag="949">
      <subfield code="a">UBKUL collegedictaten 2015 BIBC</subfield>
    </datafield>
    <datafield ind1=" " ind2=" " tag="949">
      <subfield code="a">Fonds InBev-Baillet Latour</subfield>
    </datafield>
    <datafield ind1=" " ind2=" " tag="961">
      <subfield code="a">Seiger, Joannes Ferdinandus</subfield>
      <subfield code="b">Sum joannis ferdinandi Seiger</subfield>
      <subfield code="c">Handwritten</subfield>
    </datafield>
    <datafield ind1=" " ind2=" " tag="962">
      <subfield code="a">BIBC</subfield>
      <subfield code="b">CaaCDFalco4</subfield>
    </datafield>
    <datafield ind1=" " ind2=" " tag="963">
      <subfield code="a">Bandcover in poor condition</subfield>
    </datafield>
  </record>
  <record>
    <leader>00633nu  a2200205un 4500</leader>
    <controlfield tag="001">22292187320001488</controlfield>
    <controlfield tag="004">9922947680101488</controlfield>
    <controlfield tag="005">20151201151920.0</controlfield>
    <controlfield tag="008">1406300u    0   4000uuund0000000</controlfield>
    <datafield ind1=" " ind2=" " tag="541">
      <subfield code="a">Librairie des éléphants (Bruxelles) - Antoine Jacobs</subfield>
      <subfield code="c">Manuscriptacq</subfield>
      <subfield code="d">201101</subfield>
    </datafield>
    <datafield ind1=" " ind2=" " tag="852">
      <subfield code="b">BIBC</subfield>
      <subfield code="c">BRES</subfield>
      <subfield code="h">Ms. 251</subfield>
    </datafield>
    <datafield ind1=" " ind2=" " tag="935">
      <subfield code="a">DIGI_0033_0051</subfield>
    </datafield>
    <datafield ind1=" " ind2=" " tag="949">
      <subfield code="a">UBKUL collegedictaten host</subfield>
    </datafield>
    <datafield ind1=" " ind2=" " tag="949">
      <subfield code="a">Ex Cathedra project</subfield>
    </datafield>
    <datafield ind1=" " ind2=" " tag="949">
      <subfield code="a">UBKUL collegedictaten 2015 BIBC</subfield>
    </datafield>
    <datafield ind1=" " ind2=" " tag="949">
      <subfield code="a">Fonds InBev-Baillet Latour</subfield>
    </datafield>
    <datafield ind1=" " ind2=" " tag="962">
      <subfield code="a">BIBC</subfield>
      <subfield code="b">CaaCDFalco14</subfield>
    </datafield>
    <datafield ind1=" " ind2=" " tag="963">
      <subfield code="a">F. 19v-20r : small paper is inserted</subfield>
    </datafield>
    <datafield ind1=" " ind2=" " tag="963">
      <subfield code="a">F. 17, 40 : slightly damaged</subfield>
    </datafield>
    <datafield ind1=" " ind2=" " tag="989">
      <subfield code="a">20010908</subfield>
    </datafield>
  </record>
  <record>
    <leader>00666nx  a22001811i 4500</leader>
    <controlfield tag="001">22317295290001488</controlfield>
    <controlfield tag="004">9977402560101488</controlfield>
    <controlfield tag="005">20150921085746.0</controlfield>
    <controlfield tag="008">1010202u    8   4001uulat0000000</controlfield>
    <datafield ind1=" " ind2=" " tag="541">
      <subfield code="a">Devroe (Leuven)</subfield>
      <subfield code="c">Manuscriptacq</subfield>
      <subfield code="d">201010</subfield>
    </datafield>
    <datafield ind1=" " ind2=" " tag="561">
      <subfield code="a">van Cantelbeke, Henricus Joannes</subfield>
      <subfield code="3">Handwritten</subfield>
    </datafield>
    <datafield ind1=" " ind2=" " tag="852">
      <subfield code="b">BIBC</subfield>
      <subfield code="c">BRES</subfield>
      <subfield code="h">Ms. 204</subfield>
    </datafield>
    <datafield ind1=" " ind2=" " tag="949">
      <subfield code="a">UBKUL collegedictaten host</subfield>
    </datafield>
    <datafield ind1=" " ind2=" " tag="949">
      <subfield code="a">Ex Cathedra project</subfield>
    </datafield>
    <datafield ind1=" " ind2=" " tag="949">
      <subfield code="a">UBKUL collegedictaten 2015 BIBC</subfield>
    </datafield>
    <datafield ind1=" " ind2=" " tag="949">
      <subfield code="a">Fonds InBev-Baillet Latour</subfield>
    </datafield>
    <datafield ind1=" " ind2=" " tag="961">
      <subfield code="a">van Cantelbeke, Henricus Joannes</subfield>
      <subfield code="b">Ex Libris Henrici Joannis Van Cantelbeek</subfield>
      <subfield code="c">Handwritten</subfield>
    </datafield>
    <datafield ind1=" " ind2=" " tag="962">
      <subfield code="a">BIBC</subfield>
      <subfield code="b">CaaCDLilium4/1</subfield>
    </datafield>
    <datafield ind1=" " ind2=" " tag="963">
      <subfield code="a">2011: restoration by Myriam van Herck(Heverlee), book-restorator</subfield>
    </datafield>
    <datafield ind1=" " ind2=" " tag="989">
      <subfield code="a">1990</subfield>
    </datafield>
  </record>
  <record>
    <leader>00667nx  a22001811i 4500</leader>
    <controlfield tag="001">22317304620001488</controlfield>
    <controlfield tag="004">9977403690101488</controlfield>
    <controlfield tag="008">1010202u    8   4001uulat0000000</controlfield>
    <controlfield tag="005">20150921085819.0</controlfield>
    <datafield ind1=" " ind2=" " tag="541">
      <subfield code="a">Devroe (Leuven)</subfield>
      <subfield code="c">Manuscriptacq</subfield>
      <subfield code="d">201010</subfield>
    </datafield>
    <datafield ind1=" " ind2=" " tag="561">
      <subfield code="a">van Cantelbeke, Henricus Joannes</subfield>
      <subfield code="3">Handwritten</subfield>
    </datafield>
    <datafield ind1=" " ind2=" " tag="852">
      <subfield code="b">BIBC</subfield>
      <subfield code="c">BRES</subfield>
      <subfield code="h">Ms. 205</subfield>
    </datafield>
    <datafield ind1=" " ind2=" " tag="949">
      <subfield code="a">UBKUL collegedictaten host</subfield>
    </datafield>
    <datafield ind1=" " ind2=" " tag="949">
      <subfield code="a">Ex Cathedra project</subfield>
    </datafield>
    <datafield ind1=" " ind2=" " tag="949">
      <subfield code="a">UBKUL collegedictaten 2015 BIBC</subfield>
    </datafield>
    <datafield ind1=" " ind2=" " tag="949">
      <subfield code="a">Fonds InBev-Baillet Latour</subfield>
    </datafield>
    <datafield ind1=" " ind2=" " tag="961">
      <subfield code="a">van Cantelbeke, Henricus Joannes</subfield>
      <subfield code="b">Ex Libris Henrici Joannis Van Cantelbeek</subfield>
      <subfield code="c">Handwritten</subfield>
    </datafield>
    <datafield ind1=" " ind2=" " tag="962">
      <subfield code="a">BIBC</subfield>
      <subfield code="b">CaaCDLilium4/3</subfield>
    </datafield>
    <datafield ind1=" " ind2=" " tag="963">
      <subfield code="a">2011: restoration by Myriam van Herck (Heverlee), book restorator</subfield>
    </datafield>
    <datafield ind1=" " ind2=" " tag="989">
      <subfield code="a">1990</subfield>
    </datafield>
  </record>
  <record>
    <leader>00595nx  a22001811i 4500</leader>
    <controlfield tag="001">22317099000001488</controlfield>
    <controlfield tag="004">9977279980101488</controlfield>
    <controlfield tag="005">20151201152309.0</controlfield>
    <controlfield tag="008">1009292u    8   4001uulat0000000</controlfield>
    <datafield ind1=" " ind2=" " tag="541">
      <subfield code="a">K173729 (Baggerman)</subfield>
      <subfield code="c">Manuscriptacq</subfield>
      <subfield code="d">201009</subfield>
    </datafield>
    <datafield ind1=" " ind2=" " tag="852">
      <subfield code="b">BIBC</subfield>
      <subfield code="c">BRES</subfield>
      <subfield code="h">Ms. 203</subfield>
    </datafield>
    <datafield ind1=" " ind2=" " tag="935">
      <subfield code="a">DIGI_0033_0003</subfield>
    </datafield>
    <datafield ind1=" " ind2=" " tag="949">
      <subfield code="a">UBKUL collegedictaten host</subfield>
    </datafield>
    <datafield ind1=" " ind2=" " tag="949">
      <subfield code="a">Ex Cathedra project</subfield>
    </datafield>
    <datafield ind1=" " ind2=" " tag="949">
      <subfield code="a">UBKUL collegedictaten 2015 BIBC</subfield>
    </datafield>
    <datafield ind1=" " ind2=" " tag="949">
      <subfield code="a">Fonds InBev-Baillet Latour</subfield>
    </datafield>
    <datafield ind1=" " ind2=" " tag="962">
      <subfield code="a">BIBC</subfield>
      <subfield code="b">CaaCDLilium3</subfield>
    </datafield>
    <datafield ind1=" " ind2=" " tag="963">
      <subfield code="a">Incomplete : at the beginning and the end folios are missing</subfield>
    </datafield>
    <datafield ind1=" " ind2=" " tag="963">
      <subfield code="a">Bandcover in very poor condition ; water damage</subfield>
    </datafield>
    <datafield ind1=" " ind2=" " tag="989">
      <subfield code="a">198303</subfield>
    </datafield>
  </record>
  <record>
    <leader>00867nx  a22002171i 4500</leader>
    <controlfield tag="001">22317897300001488</controlfield>
    <controlfield tag="004">9977803120101488</controlfield>
    <controlfield tag="005">20151201152332.0</controlfield>
    <controlfield tag="008">1101242u    8   4001uulat0000000</controlfield>
    <datafield ind1=" " ind2=" " tag="541">
      <subfield code="a">Eeman-Mahy, Mevr. (Sint-Pieters-Woluwe)</subfield>
      <subfield code="c">Manuscriptdon</subfield>
      <subfield code="d">201101</subfield>
    </datafield>
    <datafield ind1=" " ind2=" " tag="561">
      <subfield code="a">Mannaerts, Ferdinandus</subfield>
      <subfield code="3">Handwritten</subfield>
    </datafield>
    <datafield ind1=" " ind2=" " tag="561">
      <subfield code="a">van der Meeren, Balthasar</subfield>
      <subfield code="3">Handwritten</subfield>
    </datafield>
    <datafield ind1=" " ind2=" " tag="852">
      <subfield code="b">BIBC</subfield>
      <subfield code="c">BRES</subfield>
      <subfield code="h">Ms. 260</subfield>
    </datafield>
    <datafield ind1=" " ind2=" " tag="935">
      <subfield code="a">DIGI_0033_0060</subfield>
    </datafield>
    <datafield ind1=" " ind2=" " tag="949">
      <subfield code="a">UBKUL collegedictaten host</subfield>
    </datafield>
    <datafield ind1=" " ind2=" " tag="949">
      <subfield code="a">Ex Cathedra project</subfield>
    </datafield>
    <datafield ind1=" " ind2=" " tag="949">
      <subfield code="a">UBKUL collegedictaten 2015 BIBC</subfield>
    </datafield>
    <datafield ind1=" " ind2=" " tag="949">
      <subfield code="a">Fonds InBev-Baillet Latour</subfield>
    </datafield>
    <datafield ind1=" " ind2=" " tag="961">
      <subfield code="a">Mannaerts, Ferdinandus</subfield>
      <subfield code="b">Ferdinandus Mannaerts Anno</subfield>
      <subfield code="c">Handwritten</subfield>
    </datafield>
    <datafield ind1=" " ind2=" " tag="961">
      <subfield code="a">van der Meeren, Balthasar</subfield>
      <subfield code="b">Balthasar vander Meeren 1681</subfield>
      <subfield code="c">Handwritten</subfield>
    </datafield>
    <datafield ind1=" " ind2=" " tag="962">
      <subfield code="a">CaaCDPorcus6</subfield>
    </datafield>
    <datafield ind1=" " ind2=" " tag="963">
      <subfield code="a">Bandcover and paper is in very poor condition. Humidity damage</subfield>
    </datafield>
    <datafield ind1=" " ind2=" " tag="963">
      <subfield code="a">F. 468v-469r and f 606v-607r: some folio's are missing</subfield>
    </datafield>
  </record>
  <record>
    <leader>01155nu  a2200277un 4500</leader>
    <controlfield tag="001">22280032600001488</controlfield>
    <controlfield tag="004">998296080101488</controlfield>
    <controlfield tag="005">20151201151721.0</controlfield>
    <controlfield tag="008">1406300u    0   4000uuund0000000</controlfield>
    <datafield ind1=" " ind2=" " tag="541">
      <subfield code="a">#KUL : BIBC-aankoop87.03.05</subfield>
      <subfield code="c">Manuscriptacq</subfield>
      <subfield code="d">201011</subfield>
    </datafield>
    <datafield ind1=" " ind2=" " tag="561">
      <subfield code="3">Handwritten</subfield>
    </datafield>
    <datafield ind1=" " ind2=" " tag="561">
      <subfield code="a">Bibl. F. F. Min. Capucinorum</subfield>
      <subfield code="3">Bookplate</subfield>
      <subfield code="3">Ownership stamp</subfield>
    </datafield>
    <datafield ind1=" " ind2=" " tag="561">
      <subfield code="a">Bibl. Fr. Min. Capucinorum, Lovanii</subfield>
      <subfield code="3">Ownership stamp</subfield>
    </datafield>
    <datafield ind1=" " ind2=" " tag="561">
      <subfield code="a">Bibliotheca Capucinorum Brugis ad S. Claram</subfield>
      <subfield code="3">Ownership stamp</subfield>
    </datafield>
    <datafield ind1=" " ind2=" " tag="852">
      <subfield code="b">BIBC</subfield>
      <subfield code="c">BRES</subfield>
      <subfield code="h">Ms. 236</subfield>
    </datafield>
    <datafield ind1=" " ind2=" " tag="935">
      <subfield code="a">DIGI_0033_0036</subfield>
    </datafield>
    <datafield ind1=" " ind2=" " tag="949">
      <subfield code="a">UBKUL collegedictaten host</subfield>
    </datafield>
    <datafield ind1=" " ind2=" " tag="949">
      <subfield code="a">Ex Cathedra project</subfield>
    </datafield>
    <datafield ind1=" " ind2=" " tag="949">
      <subfield code="a">UBKUL collegedictaten 2015 BIBC</subfield>
    </datafield>
    <datafield ind1=" " ind2=" " tag="949">
      <subfield code="a">Fonds InBev-Baillet Latour</subfield>
    </datafield>
    <datafield ind1=" " ind2=" " tag="961">
      <subfield code="b">Ex libris [scratched out] Bruxellensis</subfield>
      <subfield code="c">Handwritten</subfield>
    </datafield>
    <datafield ind1=" " ind2=" " tag="961">
      <subfield code="a">Bibl. F. F. Min. Capucinorum</subfield>
      <subfield code="b">Bibl. F. F. Min. Capucinorum</subfield>
      <subfield code="c">Bookplate</subfield>
      <subfield code="c">Ownership stamp</subfield>
    </datafield>
    <datafield ind1=" " ind2=" " tag="961">
      <subfield code="a">Bibl. Fr. Min. Capucinorum, Lovanii</subfield>
      <subfield code="b">Bibl. Fr. Min. Capucinorum Lovanii</subfield>
      <subfield code="c">Ownership stamp</subfield>
    </datafield>
    <datafield ind1=" " ind2=" " tag="961">
      <subfield code="a">Bibliotheca Capucinorum Brugis ad S. Claram</subfield>
      <subfield code="b">Bibliotheca Capucinorum Brugis ad S. Claram</subfield>
      <subfield code="c">Ownership stamp</subfield>
    </datafield>
    <datafield ind1=" " ind2=" " tag="962">
      <subfield code="a">BIBC</subfield>
      <subfield code="b">CaaCDCastrum10</subfield>
    </datafield>
    <datafield ind1=" " ind2=" " tag="989">
      <subfield code="a">19870305</subfield>
    </datafield>
  </record>
  <record>
    <leader>00469nx  a22001571i 4500</leader>
    <controlfield tag="001">22317750010001488</controlfield>
    <controlfield tag="004">9977654930101488</controlfield>
    <controlfield tag="005">20151201152329.0</controlfield>
    <controlfield tag="008">1012152u    8   4001uulat0000000</controlfield>
    <datafield ind1=" " ind2=" " tag="541">
      <subfield code="a">Verheyden, A. (Sint-Denijs-Westrem)</subfield>
      <subfield code="c">Manuscriptdon</subfield>
      <subfield code="d">201012</subfield>
    </datafield>
    <datafield ind1=" " ind2=" " tag="852">
      <subfield code="b">BIBC</subfield>
      <subfield code="c">BRES</subfield>
      <subfield code="h">Ms. 245</subfield>
    </datafield>
    <datafield ind1=" " ind2=" " tag="935">
      <subfield code="a">DIGI_0033_0045</subfield>
    </datafield>
    <datafield ind1=" " ind2=" " tag="949">
      <subfield code="a">UBKUL collegedictaten host</subfield>
    </datafield>
    <datafield ind1=" " ind2=" " tag="949">
      <subfield code="a">Ex Cathedra project</subfield>
    </datafield>
    <datafield ind1=" " ind2=" " tag="949">
      <subfield code="a">UBKUL collegedictaten 2015 BIBC</subfield>
    </datafield>
    <datafield ind1=" " ind2=" " tag="949">
      <subfield code="a">Fonds InBev-Baillet Latour</subfield>
    </datafield>
    <datafield ind1=" " ind2=" " tag="962">
      <subfield code="a">BIBC</subfield>
      <subfield code="b">CaaCDFalco8</subfield>
    </datafield>
    <datafield ind1=" " ind2=" " tag="989">
      <subfield code="a">198007</subfield>
    </datafield>
  </record>
  <record>
    <leader>00495nx  a22001691i 4500</leader>
    <controlfield tag="001">22318047030001488</controlfield>
    <controlfield tag="004">9978955270101488</controlfield>
    <controlfield tag="005">20151201152338.0</controlfield>
    <controlfield tag="008">1102072u    8   4001uulat0000000</controlfield>
    <datafield ind1=" " ind2=" " tag="541">
      <subfield code="a">Devroe (Leuven)</subfield>
      <subfield code="c">Manuscriptexch</subfield>
      <subfield code="d">201102</subfield>
    </datafield>
    <datafield ind1=" " ind2=" " tag="852">
      <subfield code="b">BIBC</subfield>
      <subfield code="c">BRES</subfield>
      <subfield code="h">Ms. 250</subfield>
    </datafield>
    <datafield ind1=" " ind2=" " tag="935">
      <subfield code="a">DIGI_0033_0050</subfield>
    </datafield>
    <datafield ind1=" " ind2=" " tag="949">
      <subfield code="a">UBKUL collegedictaten host</subfield>
    </datafield>
    <datafield ind1=" " ind2=" " tag="949">
      <subfield code="a">Ex Cathedra project</subfield>
    </datafield>
    <datafield ind1=" " ind2=" " tag="949">
      <subfield code="a">UBKUL collegedictaten 2015 BIBC</subfield>
    </datafield>
    <datafield ind1=" " ind2=" " tag="949">
      <subfield code="a">Fonds InBev-Baillet Latour</subfield>
    </datafield>
    <datafield ind1=" " ind2=" " tag="962">
      <subfield code="a">BIBC</subfield>
      <subfield code="b">CaaCDFalco13</subfield>
    </datafield>
    <datafield ind1=" " ind2=" " tag="963">
      <subfield code="a">Bookcover in poor condition</subfield>
    </datafield>
    <datafield ind1=" " ind2=" " tag="989">
      <subfield code="a">198110</subfield>
    </datafield>
  </record>
  <record>
    <leader>00461nx  a22001691i 4500</leader>
    <controlfield tag="001">22318453850001488</controlfield>
    <controlfield tag="004">9980131450101488</controlfield>
    <controlfield tag="005">20151201152420.0</controlfield>
    <controlfield tag="008">1104112u    8   4001uulat0000000</controlfield>
    <datafield ind1=" " ind2=" " tag="541">
      <subfield code="a">K76041</subfield>
      <subfield code="c">Manuscriptacq</subfield>
      <subfield code="d">201104</subfield>
    </datafield>
    <datafield ind1=" " ind2=" " tag="852">
      <subfield code="b">BIBC</subfield>
      <subfield code="c">BRES</subfield>
      <subfield code="h">Ms. 317</subfield>
    </datafield>
    <datafield ind1=" " ind2=" " tag="935">
      <subfield code="a">DIGI_0033_0117</subfield>
    </datafield>
    <datafield ind1=" " ind2=" " tag="949">
      <subfield code="a">UBKUL collegedictaten host</subfield>
    </datafield>
    <datafield ind1=" " ind2=" " tag="949">
      <subfield code="a">Ex Cathedra project</subfield>
    </datafield>
    <datafield ind1=" " ind2=" " tag="949">
      <subfield code="a">UBKUL collegedictaten 2015 BIBC</subfield>
    </datafield>
    <datafield ind1=" " ind2=" " tag="949">
      <subfield code="a">Fonds InBev-Baillet Latour</subfield>
    </datafield>
    <datafield ind1=" " ind2=" " tag="962">
      <subfield code="a">BIBC</subfield>
      <subfield code="b">CaaCD28</subfield>
    </datafield>
    <datafield ind1=" " ind2=" " tag="962">
      <subfield code="a">BIBC</subfield>
      <subfield code="b">C204</subfield>
    </datafield>
    <datafield ind1=" " ind2=" " tag="989">
      <subfield code="a">1976</subfield>
    </datafield>
  </record>
  <record>
    <leader>00704nx  a22002051i 4500</leader>
    <controlfield tag="001">22321029570001488</controlfield>
    <controlfield tag="004">9983694770101488</controlfield>
    <controlfield tag="005">20151201161137.0</controlfield>
    <controlfield tag="008">1111302u    8   4001uulat0000000</controlfield>
    <datafield ind1=" " ind2=" " tag="541">
      <subfield code="a">Geraardsbergen: C.J.</subfield>
      <subfield code="c">Manuscriptdep</subfield>
      <subfield code="d">201111</subfield>
    </datafield>
    <datafield ind1=" " ind2=" " tag="561">
      <subfield code="a">Geraardsbergen: C.J.</subfield>
    </datafield>
    <datafield ind1=" " ind2=" " tag="563">
      <subfield code="a">Calfskin</subfield>
      <subfield code="3">gold tooled spine</subfield>
    </datafield>
    <datafield ind1=" " ind2=" " tag="852">
      <subfield code="b">GBIB</subfield>
      <subfield code="c">GBIB</subfield>
      <subfield code="h">PM0327</subfield>
    </datafield>
    <datafield ind1=" " ind2=" " tag="935">
      <subfield code="a">DIGI_0033_0404</subfield>
    </datafield>
    <datafield ind1=" " ind2=" " tag="949">
      <subfield code="a">UBKUL collegedictaten host</subfield>
    </datafield>
    <datafield ind1=" " ind2=" " tag="949">
      <subfield code="a">UBKUL collegedictaten host GBIB</subfield>
    </datafield>
    <datafield ind1=" " ind2=" " tag="949">
      <subfield code="a">Ex Cathedra project</subfield>
    </datafield>
    <datafield ind1=" " ind2=" " tag="949">
      <subfield code="a">UBKUL collegedictaten 2015 MSB</subfield>
    </datafield>
    <datafield ind1=" " ind2=" " tag="949">
      <subfield code="a">UBD metadata collegedictaten 2015 september 03</subfield>
    </datafield>
    <datafield ind1=" " ind2=" " tag="961">
      <subfield code="a">Geraardsbergen: C.J.</subfield>
    </datafield>
    <datafield ind1=" " ind2=" " tag="962">
      <subfield code="a">GBIB</subfield>
      <subfield code="b">Ms CJ 29 J 25</subfield>
    </datafield>
    <datafield ind1=" " ind2=" " tag="963">
      <subfield code="a">Digital version renders the covers and a small selection of the folios</subfield>
    </datafield>
  </record>
  <record>
    <leader>00670nx  a22001811i 4500</leader>
    <controlfield tag="001">22317383720001488</controlfield>
    <controlfield tag="004">9977438360101488</controlfield>
    <controlfield tag="008">1010272u    8   4001uulat0000000</controlfield>
    <controlfield tag="005">20150921090139.0</controlfield>
    <datafield ind1=" " ind2=" " tag="541">
      <subfield code="a">Devroe (Leuven)</subfield>
      <subfield code="c">Manuscriptacq</subfield>
      <subfield code="d">201010</subfield>
    </datafield>
    <datafield ind1=" " ind2=" " tag="561">
      <subfield code="a">van Cantelbeke, Henricus Joannes</subfield>
      <subfield code="3">Handwritten</subfield>
    </datafield>
    <datafield ind1=" " ind2=" " tag="852">
      <subfield code="b">BIBC</subfield>
      <subfield code="c">BRES</subfield>
      <subfield code="h">Ms. 209</subfield>
    </datafield>
    <datafield ind1=" " ind2=" " tag="949">
      <subfield code="a">UBKUL collegedictaten host</subfield>
    </datafield>
    <datafield ind1=" " ind2=" " tag="949">
      <subfield code="a">Ex Cathedra project</subfield>
    </datafield>
    <datafield ind1=" " ind2=" " tag="949">
      <subfield code="a">UBKUL collegedictaten 2015 BIBC</subfield>
    </datafield>
    <datafield ind1=" " ind2=" " tag="949">
      <subfield code="a">Fonds InBev-Baillet Latour</subfield>
    </datafield>
    <datafield ind1=" " ind2=" " tag="961">
      <subfield code="a">van Cantelbeke, Henricus Joannes</subfield>
      <subfield code="b">Ex Libris Henrici Joannis Van Cantelbeek</subfield>
      <subfield code="c">Handwritten</subfield>
    </datafield>
    <datafield ind1=" " ind2=" " tag="962">
      <subfield code="a">BIBC</subfield>
      <subfield code="b">CaaCDLilium6</subfield>
    </datafield>
    <datafield ind1=" " ind2=" " tag="963">
      <subfield code="a">2011: book restoration by Myriam van Herck (Heverlee), book restorator</subfield>
    </datafield>
    <datafield ind1=" " ind2=" " tag="989">
      <subfield code="a">1990</subfield>
    </datafield>
  </record>
  <record>
    <leader>00355nx  a22001211n 4500</leader>
    <controlfield tag="001">22359805760001488</controlfield>
    <controlfield tag="004">9992137341201488</controlfield>
    <controlfield tag="005">20151201222321.0</controlfield>
    <controlfield tag="008">1011252u    8   4001uueng0000000</controlfield>
    <datafield ind1=" " ind2=" " tag="541">
      <subfield code="c">Manuscriptacq</subfield>
      <subfield code="d">201504</subfield>
    </datafield>
    <datafield ind1=" " ind2=" " tag="852">
      <subfield code="b">BIBC</subfield>
      <subfield code="c">BRES</subfield>
      <subfield code="h">Ms. 364</subfield>
    </datafield>
    <datafield ind1=" " ind2=" " tag="935">
      <subfield code="a">DIGI_0033_0164</subfield>
    </datafield>
    <datafield ind1=" " ind2=" " tag="949">
      <subfield code="a">UBKUL collegedictaten 2015 BIBC</subfield>
    </datafield>
    <datafield ind1=" " ind2=" " tag="949">
      <subfield code="a">Fonds InBev Baillet Latour</subfield>
    </datafield>
    <datafield ind1=" " ind2=" " tag="949">
      <subfield code="a">UBD metadata collegedictaten 2015 april 30</subfield>
    </datafield>
  </record>
  <record>
    <leader>00821nu  a2200229un 4500</leader>
    <controlfield tag="001">22314275940001488</controlfield>
    <controlfield tag="004">9918340830101488</controlfield>
    <controlfield tag="005">20151201152257.0</controlfield>
    <controlfield tag="008">1406300u    0   4000uuund0000000</controlfield>
    <datafield ind1=" " ind2=" " tag="541">
      <subfield code="d">201104</subfield>
    </datafield>
    <datafield ind1=" " ind2=" " tag="561">
      <subfield code="a">Adams, Henricus Franciscus</subfield>
      <subfield code="3">Handwritten</subfield>
    </datafield>
    <datafield ind1=" " ind2=" " tag="561">
      <subfield code="a">de Smet, J.</subfield>
      <subfield code="3">Handwritten</subfield>
    </datafield>
    <datafield ind1=" " ind2=" " tag="852">
      <subfield code="b">BIBC</subfield>
      <subfield code="c">BRES</subfield>
      <subfield code="h">Ms. 310</subfield>
    </datafield>
    <datafield ind1=" " ind2=" " tag="935">
      <subfield code="a">DIGI_0033_110</subfield>
    </datafield>
    <datafield ind1=" " ind2=" " tag="949">
      <subfield code="a">UBKUL collegedictaten host</subfield>
    </datafield>
    <datafield ind1=" " ind2=" " tag="949">
      <subfield code="a">Ex Cathedra project</subfield>
    </datafield>
    <datafield ind1=" " ind2=" " tag="949">
      <subfield code="a">UBKUL collegedictaten 2015 BIBC</subfield>
    </datafield>
    <datafield ind1=" " ind2=" " tag="949">
      <subfield code="a">Fonds InBev-Baillet Latour</subfield>
    </datafield>
    <datafield ind1=" " ind2=" " tag="961">
      <subfield code="a">Adams, Henricus Franciscus</subfield>
      <subfield code="b">[..]dams Collegij Falcolnis Alumnus Ao 1668</subfield>
      <subfield code="c">Handwritten</subfield>
    </datafield>
    <datafield ind1=" " ind2=" " tag="961">
      <subfield code="a">de Smet, J.</subfield>
      <subfield code="b">15 augustus 1955</subfield>
      <subfield code="c">Handwritten</subfield>
    </datafield>
    <datafield ind1=" " ind2=" " tag="963">
      <subfield code="a">Bandcover in very very bad condition (water damage, mildew)</subfield>
    </datafield>
    <datafield ind1=" " ind2=" " tag="963">
      <subfield code="a">Some folios at the beginning are missing and also between f. 132-133</subfield>
    </datafield>
  </record>
  <record>
    <leader>00875nx  a22002171i 4500</leader>
    <controlfield tag="001">22317689240001488</controlfield>
    <controlfield tag="004">9977638180101488</controlfield>
    <controlfield tag="005">20151201152327.0</controlfield>
    <controlfield tag="008">1012132u    8   4001uulat0000000</controlfield>
    <datafield ind1=" " ind2=" " tag="541">
      <subfield code="a">PK479-2</subfield>
      <subfield code="d">201012</subfield>
    </datafield>
    <datafield ind1=" " ind2=" " tag="561">
      <subfield code="a">Van Aerchot, Michael</subfield>
      <subfield code="3">Handwritten</subfield>
    </datafield>
    <datafield ind1=" " ind2=" " tag="561">
      <subfield code="a">Van Aerchot, Michael</subfield>
      <subfield code="3">Ownership stamp</subfield>
    </datafield>
    <datafield ind1=" " ind2=" " tag="852">
      <subfield code="b">BIBC</subfield>
      <subfield code="c">BRES</subfield>
      <subfield code="h">Ms. 244</subfield>
    </datafield>
    <datafield ind1=" " ind2=" " tag="935">
      <subfield code="a">DIGI_0033_0044</subfield>
    </datafield>
    <datafield ind1=" " ind2=" " tag="949">
      <subfield code="a">UBKUL collegedictaten host</subfield>
    </datafield>
    <datafield ind1=" " ind2=" " tag="949">
      <subfield code="a">Ex Cathedra project</subfield>
    </datafield>
    <datafield ind1=" " ind2=" " tag="949">
      <subfield code="a">UBKUL collegedictaten 2015 BIBC</subfield>
    </datafield>
    <datafield ind1=" " ind2=" " tag="949">
      <subfield code="a">Fonds InBev-Baillet Latour</subfield>
    </datafield>
    <datafield ind1=" " ind2=" " tag="961">
      <subfield code="a">Van Aerchot, Michael</subfield>
      <subfield code="b">ex Libris m: Van Aerschot diesthensis, Falconis Logici A° 1761</subfield>
      <subfield code="c">Handwritten</subfield>
    </datafield>
    <datafield ind1=" " ind2=" " tag="961">
      <subfield code="a">Van Aerchot, Michael</subfield>
      <subfield code="b">Ex Libris Michaelis Van Aerschot Diesthemiensis habitat in Beveren 25 Novembris anno 1772</subfield>
      <subfield code="c">Ownership stamp</subfield>
    </datafield>
    <datafield ind1=" " ind2=" " tag="962">
      <subfield code="a">BIBC</subfield>
      <subfield code="b">CaaCDFalco7</subfield>
    </datafield>
    <datafield ind1=" " ind2=" " tag="963">
      <subfield code="a">F. 57v-58r and f. 67v-68r : strip of paper is inserted</subfield>
    </datafield>
    <datafield ind1=" " ind2=" " tag="963">
      <subfield code="a">F. 235 is incomplete</subfield>
    </datafield>
  </record>
  <record>
    <leader>00879nx  a22002411i 4500</leader>
    <controlfield tag="001">22317636630001488</controlfield>
    <controlfield tag="004">9977608360101488</controlfield>
    <controlfield tag="005">20151201152325.0</controlfield>
    <controlfield tag="008">1012062u    8   4001uulat0000000</controlfield>
    <datafield ind1=" " ind2=" " tag="541">
      <subfield code="a">Gothier, Léopold (Luik)</subfield>
      <subfield code="c">Manuscriptacq</subfield>
      <subfield code="d">201012</subfield>
    </datafield>
    <datafield ind1=" " ind2=" " tag="561">
      <subfield code="a">Sint-Niklaas, Klein seminarie</subfield>
      <subfield code="3">Ownership stamp</subfield>
    </datafield>
    <datafield ind1=" " ind2=" " tag="561">
      <subfield code="a">Drongen, Sint-Paulusseminarie</subfield>
      <subfield code="3">Ownership stamp</subfield>
    </datafield>
    <datafield ind1=" " ind2=" " tag="561">
      <subfield code="a">Seminarium Episcopale in Sti Nicolai</subfield>
      <subfield code="3">Ownership stamp</subfield>
    </datafield>
    <datafield ind1=" " ind2=" " tag="852">
      <subfield code="b">BIBC</subfield>
      <subfield code="c">BRES</subfield>
      <subfield code="h">Ms. 242</subfield>
    </datafield>
    <datafield ind1=" " ind2=" " tag="935">
      <subfield code="a">DIGI_00033_0042</subfield>
    </datafield>
    <datafield ind1=" " ind2=" " tag="949">
      <subfield code="a">UBKUL collegedictaten host</subfield>
    </datafield>
    <datafield ind1=" " ind2=" " tag="949">
      <subfield code="a">Ex Cathedra project</subfield>
    </datafield>
    <datafield ind1=" " ind2=" " tag="949">
      <subfield code="a">UBKUL collegedictaten 2015 BIBC</subfield>
    </datafield>
    <datafield ind1=" " ind2=" " tag="949">
      <subfield code="a">Fonds InBev-Baillet Latour</subfield>
    </datafield>
    <datafield ind1=" " ind2=" " tag="961">
      <subfield code="a">Sint-Niklaas, Klein seminarie</subfield>
      <subfield code="c">Ownership stamp</subfield>
    </datafield>
    <datafield ind1=" " ind2=" " tag="961">
      <subfield code="a">Drongen, Sint-Paulusseminarie</subfield>
      <subfield code="c">Ownership stamp</subfield>
    </datafield>
    <datafield ind1=" " ind2=" " tag="961">
      <subfield code="a">Seminarium Episcopale in Sti Nicolai</subfield>
      <subfield code="c">Ownership stamp</subfield>
    </datafield>
    <datafield ind1=" " ind2=" " tag="962">
      <subfield code="a">BIBC</subfield>
      <subfield code="b">CaaCDFalco5</subfield>
    </datafield>
    <datafield ind1=" " ind2=" " tag="962">
      <subfield code="a">BIBC</subfield>
      <subfield code="b">C101</subfield>
    </datafield>
    <datafield ind1=" " ind2=" " tag="989">
      <subfield code="a">1949.04</subfield>
    </datafield>
  </record>
  <record>
    <leader>00873nx  a22002291i 4500</leader>
    <controlfield tag="001">22321135380001488</controlfield>
    <controlfield tag="004">9983677380101488</controlfield>
    <controlfield tag="005">20151201161203.0</controlfield>
    <controlfield tag="008">1111282u    8   4001uulat0000000</controlfield>
    <datafield ind1=" " ind2=" " tag="541">
      <subfield code="a">Mechelen: GSM</subfield>
      <subfield code="c">Manuscriptdep</subfield>
      <subfield code="d">201111</subfield>
    </datafield>
    <datafield ind1=" " ind2=" " tag="561">
      <subfield code="a">Mechelen: GSM</subfield>
    </datafield>
    <datafield ind1=" " ind2=" " tag="561">
      <subfield code="a">Seminarium Arch. Sti Josephi Mechlininae</subfield>
      <subfield code="3">Ownership stamp</subfield>
    </datafield>
    <datafield ind1=" " ind2=" " tag="852">
      <subfield code="b">GBIB</subfield>
      <subfield code="c">GBIB</subfield>
      <subfield code="h">PM0328</subfield>
    </datafield>
    <datafield ind1=" " ind2=" " tag="935">
      <subfield code="a">DIGI_0033_0405</subfield>
    </datafield>
    <datafield ind1=" " ind2=" " tag="949">
      <subfield code="a">UBKUL collegedictaten host</subfield>
    </datafield>
    <datafield ind1=" " ind2=" " tag="949">
      <subfield code="a">UBKUL collegedictaten host GBIB</subfield>
    </datafield>
    <datafield ind1=" " ind2=" " tag="949">
      <subfield code="a">Ex Cathedra project</subfield>
    </datafield>
    <datafield ind1=" " ind2=" " tag="949">
      <subfield code="a">UBKUL collegedictaten 2015 MSB</subfield>
    </datafield>
    <datafield ind1=" " ind2=" " tag="949">
      <subfield code="a">Fonds InBev-Baillet Latour</subfield>
    </datafield>
    <datafield ind1=" " ind2=" " tag="949">
      <subfield code="a">UBD metadata collegedictaten 2015 september 04</subfield>
    </datafield>
    <datafield ind1=" " ind2=" " tag="961">
      <subfield code="a">Mechelen: GSM</subfield>
    </datafield>
    <datafield ind1=" " ind2=" " tag="961">
      <subfield code="a">Seminarium Arch. Sti Josephi Mechlininae</subfield>
      <subfield code="b">Seminarium Arch. Sti. Josephi Mechliniae</subfield>
      <subfield code="c">Ownership stamp</subfield>
    </datafield>
    <datafield ind1=" " ind2=" " tag="962">
      <subfield code="a">GBIB</subfield>
      <subfield code="b">GSM-Ms 105 C 1</subfield>
    </datafield>
    <datafield ind1=" " ind2=" " tag="963">
      <subfield code="a">Digital version renders the covers and a small selection of the folios</subfield>
    </datafield>
  </record>
  <record>
    <leader>00545nx  a22001571i 4500</leader>
    <controlfield tag="001">22319525100001488</controlfield>
    <controlfield tag="004">9988171170101488</controlfield>
    <controlfield tag="005">20151201153430.0</controlfield>
    <controlfield tag="008">1210112u    8   4001uulat0000000</controlfield>
    <datafield ind1=" " ind2=" " tag="541">
      <subfield code="a">Vande Wiele, Marc (Brugge)</subfield>
      <subfield code="c">Monographacq</subfield>
      <subfield code="d">201210</subfield>
    </datafield>
    <datafield ind1=" " ind2=" " tag="852">
      <subfield code="b">BIBC</subfield>
      <subfield code="c">BRES</subfield>
      <subfield code="h">Ms. 353</subfield>
    </datafield>
    <datafield ind1=" " ind2=" " tag="935">
      <subfield code="a">DIGI_0033_0153</subfield>
    </datafield>
    <datafield ind1=" " ind2=" " tag="949">
      <subfield code="a">UBKUL collegedictaten host BIBC aanwinst</subfield>
    </datafield>
    <datafield ind1=" " ind2=" " tag="949">
      <subfield code="a">UBKUL collegedictaten 2015 BIBC</subfield>
    </datafield>
    <datafield ind1=" " ind2=" " tag="949">
      <subfield code="a">Fonds InBev-Baillet Latour</subfield>
    </datafield>
    <datafield ind1=" " ind2=" " tag="963">
      <subfield code="a">2013: restoration by Myriam van Herck (Heverlee), book restorator</subfield>
    </datafield>
    <datafield ind1=" " ind2=" " tag="963">
      <subfield code="a">Cover in bad condition. Water damage</subfield>
    </datafield>
    <datafield ind1=" " ind2=" " tag="989">
      <subfield code="a">2012.10.05-06</subfield>
    </datafield>
  </record>
  <record>
    <leader>00505nx  a22001691i 4500</leader>
    <controlfield tag="001">22317568000001488</controlfield>
    <controlfield tag="004">9977504050101488</controlfield>
    <controlfield tag="008">1011152u    8   4001uulat0000000</controlfield>
    <controlfield tag="005">20150921091817.0</controlfield>
    <datafield ind1=" " ind2=" " tag="541">
      <subfield code="a">Librairie des académies (Bruxelles)</subfield>
      <subfield code="c">Manuscriptacq</subfield>
      <subfield code="d">201011</subfield>
    </datafield>
    <datafield ind1=" " ind2=" " tag="852">
      <subfield code="b">BIBC</subfield>
      <subfield code="c">BRES</subfield>
      <subfield code="h">Ms. 237</subfield>
    </datafield>
    <datafield ind1=" " ind2=" " tag="949">
      <subfield code="a">UBKUL collegedictaten host</subfield>
    </datafield>
    <datafield ind1=" " ind2=" " tag="949">
      <subfield code="a">Ex Cathedra project</subfield>
    </datafield>
    <datafield ind1=" " ind2=" " tag="949">
      <subfield code="a">UBKUL collegedictaten 2015 BIBC</subfield>
    </datafield>
    <datafield ind1=" " ind2=" " tag="949">
      <subfield code="a">Fonds InBev-Baillet Latour</subfield>
    </datafield>
    <datafield ind1=" " ind2=" " tag="962">
      <subfield code="a">BIBC</subfield>
      <subfield code="b">C1</subfield>
    </datafield>
    <datafield ind1=" " ind2=" " tag="962">
      <subfield code="a">BIBC</subfield>
      <subfield code="b">CaaCDCastrum 11</subfield>
    </datafield>
    <datafield ind1=" " ind2=" " tag="963">
      <subfield code="a">Bandcover is damaged</subfield>
    </datafield>
    <datafield ind1=" " ind2=" " tag="989">
      <subfield code="a">194909</subfield>
    </datafield>
  </record>
  <record>
    <leader>00978nx  a22002651i 4500</leader>
    <controlfield tag="001">22317719630001488</controlfield>
    <controlfield tag="004">9977689530101488</controlfield>
    <controlfield tag="005">20150921092338.0</controlfield>
    <controlfield tag="008">1012222u    8   4001uulat0000000</controlfield>
    <datafield ind1=" " ind2=" " tag="541">
      <subfield code="a">De Vriendt (Gent)</subfield>
      <subfield code="c">Manuscriptdon</subfield>
      <subfield code="d">201012</subfield>
    </datafield>
    <datafield ind1=" " ind2=" " tag="561">
      <subfield code="a">Vaes, Lambertus</subfield>
      <subfield code="3">Handwritten</subfield>
    </datafield>
    <datafield ind1=" " ind2=" " tag="561">
      <subfield code="a">Hermans, Willibrord</subfield>
      <subfield code="3">Handwritten</subfield>
    </datafield>
    <datafield ind1=" " ind2=" " tag="561">
      <subfield code="a">Mme de Brabant</subfield>
      <subfield code="3">Handwritten</subfield>
    </datafield>
    <datafield ind1=" " ind2=" " tag="561">
      <subfield code="a">Minne, A. J.</subfield>
      <subfield code="3">Ownership stamp</subfield>
    </datafield>
    <datafield ind1=" " ind2=" " tag="852">
      <subfield code="b">BIBC</subfield>
      <subfield code="c">BRES</subfield>
      <subfield code="h">Ms. 249</subfield>
    </datafield>
    <datafield ind1=" " ind2=" " tag="949">
      <subfield code="a">UBKUL collegedictaten host</subfield>
    </datafield>
    <datafield ind1=" " ind2=" " tag="949">
      <subfield code="a">Ex Cathedra project</subfield>
    </datafield>
    <datafield ind1=" " ind2=" " tag="949">
      <subfield code="a">UBKUL collegedictaten 2015 BIBC</subfield>
    </datafield>
    <datafield ind1=" " ind2=" " tag="949">
      <subfield code="a">Fonds InBev-Baillet Latour</subfield>
    </datafield>
    <datafield ind1=" " ind2=" " tag="961">
      <subfield code="a">Vaes, Lambertus</subfield>
      <subfield code="b">Lambertus Vaes Hercius Ao 1614</subfield>
      <subfield code="c">Handwritten</subfield>
    </datafield>
    <datafield ind1=" " ind2=" " tag="961">
      <subfield code="a">Hermans, Willibrord</subfield>
      <subfield code="c">Handwritten</subfield>
      <subfield code="b">Ex Libris Willebrordi Hermans</subfield>
    </datafield>
    <datafield ind1=" " ind2=" " tag="961">
      <subfield code="a">Mme de Brabant</subfield>
      <subfield code="c">Handwritten</subfield>
    </datafield>
    <datafield ind1=" " ind2=" " tag="961">
      <subfield code="a">Minne, A. J.</subfield>
      <subfield code="b">Ex libris Dr A.J. Minne</subfield>
      <subfield code="c">Ownership stamp</subfield>
    </datafield>
    <datafield ind1=" " ind2=" " tag="962">
      <subfield code="a">BIBC</subfield>
      <subfield code="b">CaaCDFalco12</subfield>
    </datafield>
    <datafield ind1=" " ind2=" " tag="962">
      <subfield code="a">BIBC</subfield>
      <subfield code="b">C205</subfield>
    </datafield>
    <datafield ind1=" " ind2=" " tag="963">
      <subfield code="a">F. 246r-256v = f. 1r-11v : back-to-front/in reverse binding</subfield>
    </datafield>
    <datafield ind1=" " ind2=" " tag="989">
      <subfield code="a">1975</subfield>
    </datafield>
  </record>
  <record>
    <leader>00417nx  a22001331n 4500</leader>
    <controlfield tag="001">22358283860001488</controlfield>
    <controlfield tag="004">9992133203501488</controlfield>
    <controlfield tag="005">20151201221347.0</controlfield>
    <controlfield tag="008">1011252u    8   4001uueng0000000</controlfield>
    <datafield ind1=" " ind2=" " tag="852">
      <subfield code="b">BIBC</subfield>
      <subfield code="c">BRES</subfield>
      <subfield code="l">UCL</subfield>
    </datafield>
    <datafield ind1=" " ind2=" " tag="935">
      <subfield code="a">DIGI_0033_0502</subfield>
    </datafield>
    <datafield ind1=" " ind2=" " tag="949">
      <subfield code="a">UBKUL collegedictaten 2015 UCL</subfield>
    </datafield>
    <datafield ind1=" " ind2=" " tag="949">
      <subfield code="a">Fonds InBev-Baillet Latour</subfield>
    </datafield>
    <datafield ind1=" " ind2=" " tag="949">
      <subfield code="a">UBD metadata collegedictaten 2015 maart 10</subfield>
    </datafield>
    <datafield ind1=" " ind2=" " tag="962">
      <subfield code="a">Archives de l'Université catholique de Louvain</subfield>
      <subfield code="b">Ms. C2</subfield>
    </datafield>
    <datafield ind1=" " ind2=" " tag="963">
      <subfield code="a">Spine is damaged</subfield>
    </datafield>
  </record>
  <record>
    <leader>00386nx  a22001211n 4500</leader>
    <controlfield tag="001">22359055310001488</controlfield>
    <controlfield tag="004">9992135904101488</controlfield>
    <controlfield tag="005">20151201221858.0</controlfield>
    <controlfield tag="008">1011252u    8   4001uueng0000000</controlfield>
    <datafield ind1=" " ind2=" " tag="852">
      <subfield code="b">BIBC</subfield>
      <subfield code="c">BRES</subfield>
      <subfield code="l">UCL</subfield>
    </datafield>
    <datafield ind1=" " ind2=" " tag="935">
      <subfield code="a">DIGI_0033_0603</subfield>
    </datafield>
    <datafield ind1=" " ind2=" " tag="949">
      <subfield code="a">UBKUL collegedictaten 2015 UCL</subfield>
    </datafield>
    <datafield ind1=" " ind2=" " tag="949">
      <subfield code="a">Fonds InBev-Baillet Latour</subfield>
    </datafield>
    <datafield ind1=" " ind2=" " tag="949">
      <subfield code="a">UBD metadata collegedictaten 2015 april 02</subfield>
    </datafield>
    <datafield ind1=" " ind2=" " tag="962">
      <subfield code="a">Archives de l'Université catholique de Louvain</subfield>
      <subfield code="b">Ms. C103</subfield>
    </datafield>
  </record>
  <record>
    <leader>00385nx  a22001211n 4500</leader>
    <controlfield tag="001">22358541850001488</controlfield>
    <controlfield tag="004">9992133557801488</controlfield>
    <controlfield tag="005">20151201221601.0</controlfield>
    <controlfield tag="008">1011252u    8   4001uueng0000000</controlfield>
    <datafield ind1=" " ind2=" " tag="852">
      <subfield code="b">BIBC</subfield>
      <subfield code="c">BRES</subfield>
      <subfield code="l">UCL</subfield>
    </datafield>
    <datafield ind1=" " ind2=" " tag="935">
      <subfield code="a">DIGI_0033_0531</subfield>
    </datafield>
    <datafield ind1=" " ind2=" " tag="949">
      <subfield code="a">UBKUL collegedictaten 2015 UCL</subfield>
    </datafield>
    <datafield ind1=" " ind2=" " tag="949">
      <subfield code="a">Fonds InBev-Baillet Latour</subfield>
    </datafield>
    <datafield ind1=" " ind2=" " tag="949">
      <subfield code="a">UBD metadata collegedictaten 2015 maart 18</subfield>
    </datafield>
    <datafield ind1=" " ind2=" " tag="962">
      <subfield code="a">Archives de l'Université catholique de Louvain</subfield>
      <subfield code="b">Ms. C31</subfield>
    </datafield>
  </record>
  <record>
    <leader>00386nx  a22001211n 4500</leader>
    <controlfield tag="001">22359296200001488</controlfield>
    <controlfield tag="004">9992136082201488</controlfield>
    <controlfield tag="005">20151201221945.0</controlfield>
    <controlfield tag="008">1011252u    8   4001uueng0000000</controlfield>
    <datafield ind1=" " ind2=" " tag="852">
      <subfield code="b">BIBC</subfield>
      <subfield code="c">BRES</subfield>
      <subfield code="l">UCL</subfield>
    </datafield>
    <datafield ind1=" " ind2=" " tag="935">
      <subfield code="a">DIGI_0033_0661</subfield>
    </datafield>
    <datafield ind1=" " ind2=" " tag="949">
      <subfield code="a">UBKUL collegedictaten 2015 UCL</subfield>
    </datafield>
    <datafield ind1=" " ind2=" " tag="949">
      <subfield code="a">Fonds InBev-Baillet Latour</subfield>
    </datafield>
    <datafield ind1=" " ind2=" " tag="949">
      <subfield code="a">UBD metadata collegedictaten 2015 april 10</subfield>
    </datafield>
    <datafield ind1=" " ind2=" " tag="962">
      <subfield code="a">Archives de l'Université catholique de Louvain</subfield>
      <subfield code="b">Ms. C161</subfield>
    </datafield>
  </record>
  <record>
    <leader>00385nx  a22001211n 4500</leader>
    <controlfield tag="001">22358577580001488</controlfield>
    <controlfield tag="004">9992133547201488</controlfield>
    <controlfield tag="005">20151201221627.0</controlfield>
    <controlfield tag="008">1011252u    8   4001uueng0000000</controlfield>
    <datafield ind1=" " ind2=" " tag="852">
      <subfield code="b">BIBC</subfield>
      <subfield code="c">BRES</subfield>
      <subfield code="l">UCL</subfield>
    </datafield>
    <datafield ind1=" " ind2=" " tag="935">
      <subfield code="a">DIGI_0033_0548</subfield>
    </datafield>
    <datafield ind1=" " ind2=" " tag="949">
      <subfield code="a">UBKUL collegedictaten 2015 UCL</subfield>
    </datafield>
    <datafield ind1=" " ind2=" " tag="949">
      <subfield code="a">Fonds InBev-Baillet Latour</subfield>
    </datafield>
    <datafield ind1=" " ind2=" " tag="949">
      <subfield code="a">UBD metadata collegedictaten 2015 maart 19</subfield>
    </datafield>
    <datafield ind1=" " ind2=" " tag="962">
      <subfield code="a">Archives de l'Université catholique de Louvain</subfield>
      <subfield code="b">Ms. C48</subfield>
    </datafield>
  </record>
  <record>
    <leader>00385nx  a22001211n 4500</leader>
    <controlfield tag="001">22358742780001488</controlfield>
    <controlfield tag="004">9992134688101488</controlfield>
    <controlfield tag="005">20151201221739.0</controlfield>
    <controlfield tag="008">1011252u    8   4001uueng0000000</controlfield>
    <datafield ind1=" " ind2=" " tag="852">
      <subfield code="b">BIBC</subfield>
      <subfield code="c">BRES</subfield>
      <subfield code="l">UCL</subfield>
    </datafield>
    <datafield ind1=" " ind2=" " tag="935">
      <subfield code="a">DIGI_0033_0562</subfield>
    </datafield>
    <datafield ind1=" " ind2=" " tag="949">
      <subfield code="a">UBKUL collegedictaten 2015 UCL</subfield>
    </datafield>
    <datafield ind1=" " ind2=" " tag="949">
      <subfield code="a">Fonds InBev-Baillet Latour</subfield>
    </datafield>
    <datafield ind1=" " ind2=" " tag="949">
      <subfield code="a">UBD metadata collegedictaten 2015 maart 25</subfield>
    </datafield>
    <datafield ind1=" " ind2=" " tag="962">
      <subfield code="a">Archives de l'Université catholique de Louvain</subfield>
      <subfield code="b">Ms. C62</subfield>
    </datafield>
  </record>
  <record>
    <leader>00385nx  a22001211n 4500</leader>
    <controlfield tag="001">22358692530001488</controlfield>
    <controlfield tag="004">9992134599601488</controlfield>
    <controlfield tag="005">20151201221721.0</controlfield>
    <controlfield tag="008">1011252u    8   4001uueng0000000</controlfield>
    <datafield ind1=" " ind2=" " tag="852">
      <subfield code="b">BIBC</subfield>
      <subfield code="c">BRES</subfield>
      <subfield code="l">UCL</subfield>
    </datafield>
    <datafield ind1=" " ind2=" " tag="935">
      <subfield code="a">DIGI_0033_0557</subfield>
    </datafield>
    <datafield ind1=" " ind2=" " tag="949">
      <subfield code="a">UBKUL collegedictaten 2015 UCL</subfield>
    </datafield>
    <datafield ind1=" " ind2=" " tag="949">
      <subfield code="a">Fonds InBev-Baillet Latour</subfield>
    </datafield>
    <datafield ind1=" " ind2=" " tag="949">
      <subfield code="a">UBD metadata collegedictaten 2015 maart 24</subfield>
    </datafield>
    <datafield ind1=" " ind2=" " tag="962">
      <subfield code="a">Archives de l'Université catholique de Louvain</subfield>
      <subfield code="b">Ms. C57</subfield>
    </datafield>
  </record>
  <record>
    <leader>00387nx  a22001211n 4500</leader>
    <controlfield tag="001">22358335590001488</controlfield>
    <controlfield tag="004">9992133084901488</controlfield>
    <controlfield tag="005">20151201221419.0</controlfield>
    <controlfield tag="008">1011252u    8   4001uueng0000000</controlfield>
    <datafield ind1=" " ind2=" " tag="852">
      <subfield code="b">BIBC</subfield>
      <subfield code="c">BRES</subfield>
      <subfield code="l">UCL</subfield>
    </datafield>
    <datafield ind1=" " ind2=" " tag="935">
      <subfield code="a">DIGI_0033_0524</subfield>
    </datafield>
    <datafield ind1=" " ind2=" " tag="949">
      <subfield code="a">UBKUL collegedictaten 2015 UCL</subfield>
    </datafield>
    <datafield ind1=" " ind2=" " tag="949">
      <subfield code="a">Fonds InBev-Baillet Latour</subfield>
    </datafield>
    <datafield ind1=" " ind2=" " tag="949">
      <subfield code="a">UBD metadata collegedictataten 2015 maart 11</subfield>
    </datafield>
    <datafield ind1=" " ind2=" " tag="962">
      <subfield code="a">Archives de l'Université catholique de Louvain</subfield>
      <subfield code="b">Ms. C24</subfield>
    </datafield>
  </record>
  <record>
    <leader>00386nx  a22001211n 4500</leader>
    <controlfield tag="001">22359294310001488</controlfield>
    <controlfield tag="004">9992136076601488</controlfield>
    <controlfield tag="005">20151201221944.0</controlfield>
    <controlfield tag="008">1011252u    8   4001uueng0000000</controlfield>
    <datafield ind1=" " ind2=" " tag="852">
      <subfield code="b">BIBC</subfield>
      <subfield code="c">BRES</subfield>
      <subfield code="l">UCL</subfield>
    </datafield>
    <datafield ind1=" " ind2=" " tag="935">
      <subfield code="a">DIGI_0033_0664</subfield>
    </datafield>
    <datafield ind1=" " ind2=" " tag="949">
      <subfield code="a">UBKUL collegedictaten 2015 UCL</subfield>
    </datafield>
    <datafield ind1=" " ind2=" " tag="949">
      <subfield code="a">Fonds InBev-Baillet Latour</subfield>
    </datafield>
    <datafield ind1=" " ind2=" " tag="949">
      <subfield code="a">UBD metadata collegedictaten 2015 april 13</subfield>
    </datafield>
    <datafield ind1=" " ind2=" " tag="962">
      <subfield code="a">Archives de l'Université catholique de Louvain</subfield>
      <subfield code="b">Ms. C164</subfield>
    </datafield>
  </record>
  <record>
    <leader>00386nx  a22001211n 4500</leader>
    <controlfield tag="001">22359440520001488</controlfield>
    <controlfield tag="004">9992136783701488</controlfield>
    <controlfield tag="005">20151201221948.0</controlfield>
    <controlfield tag="008">1011252u    8   4001uueng0000000</controlfield>
    <datafield ind1=" " ind2=" " tag="852">
      <subfield code="b">BIBC</subfield>
      <subfield code="c">BRES</subfield>
      <subfield code="l">UCL</subfield>
    </datafield>
    <datafield ind1=" " ind2=" " tag="935">
      <subfield code="a">DIGI_0033_0685</subfield>
    </datafield>
    <datafield ind1=" " ind2=" " tag="949">
      <subfield code="a">UBKUL collegedictaten 2015 UCL</subfield>
    </datafield>
    <datafield ind1=" " ind2=" " tag="949">
      <subfield code="a">Fonds InBev-Baillet Latour</subfield>
    </datafield>
    <datafield ind1=" " ind2=" " tag="949">
      <subfield code="a">UBD metadata collegedictaten 2015 april 16</subfield>
    </datafield>
    <datafield ind1=" " ind2=" " tag="962">
      <subfield code="a">Archives de l'Université catholique de Louvain</subfield>
      <subfield code="b">Ms. C185</subfield>
    </datafield>
  </record>
  <record>
    <leader>00385nx  a22001211n 4500</leader>
    <controlfield tag="001">22358777940001488</controlfield>
    <controlfield tag="004">9992134681701488</controlfield>
    <controlfield tag="005">20151201221808.0</controlfield>
    <controlfield tag="008">1011252u    8   4001uueng0000000</controlfield>
    <datafield ind1=" " ind2=" " tag="852">
      <subfield code="b">BIBC</subfield>
      <subfield code="c">BRES</subfield>
      <subfield code="l">UCL</subfield>
    </datafield>
    <datafield ind1=" " ind2=" " tag="935">
      <subfield code="a">DIGI_0033_0578</subfield>
    </datafield>
    <datafield ind1=" " ind2=" " tag="949">
      <subfield code="a">UBKUL collegedictaten 2015 UCL</subfield>
    </datafield>
    <datafield ind1=" " ind2=" " tag="949">
      <subfield code="a">Fonds InBev-Baillet Latour</subfield>
    </datafield>
    <datafield ind1=" " ind2=" " tag="949">
      <subfield code="a">UBD metadata collegedictaten 2015 maart 25</subfield>
    </datafield>
    <datafield ind1=" " ind2=" " tag="962">
      <subfield code="a">Archives de l'Université catholique de Louvain</subfield>
      <subfield code="b">Ms. C78</subfield>
    </datafield>
  </record>
  <record>
    <leader>00386nx  a22001211n 4500</leader>
    <controlfield tag="001">22359446760001488</controlfield>
    <controlfield tag="004">9992136793201488</controlfield>
    <controlfield tag="005">20151201221949.0</controlfield>
    <controlfield tag="008">1011252u    8   4001uueng0000000</controlfield>
    <datafield ind1=" " ind2=" " tag="852">
      <subfield code="b">BIBC</subfield>
      <subfield code="c">BRES</subfield>
      <subfield code="l">UCL</subfield>
    </datafield>
    <datafield ind1=" " ind2=" " tag="935">
      <subfield code="a">DIGI_0033_0683</subfield>
    </datafield>
    <datafield ind1=" " ind2=" " tag="949">
      <subfield code="a">UBKUL collegedictaten 2015 UCL</subfield>
    </datafield>
    <datafield ind1=" " ind2=" " tag="949">
      <subfield code="a">Fonds InBev-Baillet Latour</subfield>
    </datafield>
    <datafield ind1=" " ind2=" " tag="949">
      <subfield code="a">UBD metadata collegedictaten 2015 april 15</subfield>
    </datafield>
    <datafield ind1=" " ind2=" " tag="962">
      <subfield code="a">Archives de l'Université catholique de Louvain</subfield>
      <subfield code="b">Ms. C183</subfield>
    </datafield>
  </record>
  <record>
    <leader>00386nx  a22001211n 4500</leader>
    <controlfield tag="001">22359292630001488</controlfield>
    <controlfield tag="004">9992136072701488</controlfield>
    <controlfield tag="005">20151201221944.0</controlfield>
    <controlfield tag="008">1011252u    8   4001uueng0000000</controlfield>
    <datafield ind1=" " ind2=" " tag="852">
      <subfield code="b">BIBC</subfield>
      <subfield code="c">BRES</subfield>
      <subfield code="l">UCL</subfield>
    </datafield>
    <datafield ind1=" " ind2=" " tag="935">
      <subfield code="a">DIGI_0033_0671</subfield>
    </datafield>
    <datafield ind1=" " ind2=" " tag="949">
      <subfield code="a">UBKUL collegedictaten 2015 UCL</subfield>
    </datafield>
    <datafield ind1=" " ind2=" " tag="949">
      <subfield code="a">Fonds InBev-Baillet Latour</subfield>
    </datafield>
    <datafield ind1=" " ind2=" " tag="949">
      <subfield code="a">UBD metadata collegedictaten 2015 april 13</subfield>
    </datafield>
    <datafield ind1=" " ind2=" " tag="962">
      <subfield code="a">Archives de l'Université catholique de Louvain</subfield>
      <subfield code="b">Ms. C171</subfield>
    </datafield>
  </record>
  <record>
    <leader>00386nx  a22001211n 4500</leader>
    <controlfield tag="001">22358338810001488</controlfield>
    <controlfield tag="004">9992133091401488</controlfield>
    <controlfield tag="005">20151201221432.0</controlfield>
    <controlfield tag="008">1011252u    8   4001uueng0000000</controlfield>
    <datafield ind1=" " ind2=" " tag="852">
      <subfield code="b">BIBC</subfield>
      <subfield code="c">BRES</subfield>
      <subfield code="l">UCL</subfield>
    </datafield>
    <datafield ind1=" " ind2=" " tag="935">
      <subfield code="a">DIGI_0033_0518</subfield>
    </datafield>
    <datafield ind1=" " ind2=" " tag="949">
      <subfield code="a">UBKUL collegedictaten 2015 UCL</subfield>
    </datafield>
    <datafield ind1=" " ind2=" " tag="949">
      <subfield code="a">Fonds InBev-Baillet Latour</subfield>
    </datafield>
    <datafield ind1=" " ind2=" " tag="949">
      <subfield code="a">UBD metadata collegedictaten 2015 maart 11</subfield>
    </datafield>
    <datafield ind1=" " ind2=" " tag="962">
      <subfield code="a">Archives de l'Université catholique de Louviain</subfield>
      <subfield code="b">Ms. C18</subfield>
    </datafield>
  </record>
  <record>
    <leader>00385nx  a22001211n 4500</leader>
    <controlfield tag="001">22358695800001488</controlfield>
    <controlfield tag="004">9992134606101488</controlfield>
    <controlfield tag="005">20151201221725.0</controlfield>
    <controlfield tag="008">1011252u    8   4001uueng0000000</controlfield>
    <datafield ind1=" " ind2=" " tag="852">
      <subfield code="b">BIBC</subfield>
      <subfield code="c">BRES</subfield>
      <subfield code="l">UCL</subfield>
    </datafield>
    <datafield ind1=" " ind2=" " tag="935">
      <subfield code="a">DIGI_0033_0549</subfield>
    </datafield>
    <datafield ind1=" " ind2=" " tag="949">
      <subfield code="a">UBKUL collegedictaten 2015 UCL</subfield>
    </datafield>
    <datafield ind1=" " ind2=" " tag="949">
      <subfield code="a">Fonds InBev-Baillet Latour</subfield>
    </datafield>
    <datafield ind1=" " ind2=" " tag="949">
      <subfield code="a">UBD metadata collegedictaten 2015 maart 24</subfield>
    </datafield>
    <datafield ind1=" " ind2=" " tag="962">
      <subfield code="a">Archives de l'Université catholique de Louvain</subfield>
      <subfield code="b">Ms. C49</subfield>
    </datafield>
  </record>
  <record>
    <leader>00386nx  a22001211n 4500</leader>
    <controlfield tag="001">22359070730001488</controlfield>
    <controlfield tag="004">9992136093101488</controlfield>
    <controlfield tag="005">20151201221859.0</controlfield>
    <controlfield tag="008">1011252u    8   4001uueng0000000</controlfield>
    <datafield ind1=" " ind2=" " tag="852">
      <subfield code="b">BIBC</subfield>
      <subfield code="c">BRES</subfield>
      <subfield code="l">UCL</subfield>
    </datafield>
    <datafield ind1=" " ind2=" " tag="935">
      <subfield code="a">DIGI_0033_0646</subfield>
    </datafield>
    <datafield ind1=" " ind2=" " tag="949">
      <subfield code="a">UBKUL collegedictaten 2015 UCL</subfield>
    </datafield>
    <datafield ind1=" " ind2=" " tag="949">
      <subfield code="a">Fonds InBev-Baillet Latour</subfield>
    </datafield>
    <datafield ind1=" " ind2=" " tag="949">
      <subfield code="a">UBD metadata collegedictaten 2015 april 08</subfield>
    </datafield>
    <datafield ind1=" " ind2=" " tag="962">
      <subfield code="a">Archives de l'Université catholique de Louvain</subfield>
      <subfield code="b">Ms. C146</subfield>
    </datafield>
  </record>
  <record>
    <leader>00386nx  a22001211n 4500</leader>
    <controlfield tag="001">22359443920001488</controlfield>
    <controlfield tag="004">9992136788601488</controlfield>
    <controlfield tag="005">20151201221948.0</controlfield>
    <controlfield tag="008">1011252u    8   4001uueng0000000</controlfield>
    <datafield ind1=" " ind2=" " tag="852">
      <subfield code="b">BIBC</subfield>
      <subfield code="c">BRES</subfield>
      <subfield code="l">UCL</subfield>
    </datafield>
    <datafield ind1=" " ind2=" " tag="935">
      <subfield code="a">DIGI_0033_0684</subfield>
    </datafield>
    <datafield ind1=" " ind2=" " tag="949">
      <subfield code="a">UBKUL collegedictaten 2015 UCL</subfield>
    </datafield>
    <datafield ind1=" " ind2=" " tag="949">
      <subfield code="a">Fonds InBev-Baillet Latour</subfield>
    </datafield>
    <datafield ind1=" " ind2=" " tag="949">
      <subfield code="a">UBD metadata collegedictaten 2015 april 16</subfield>
    </datafield>
    <datafield ind1=" " ind2=" " tag="962">
      <subfield code="a">Archives de l'Université catholique de Louvain</subfield>
      <subfield code="b">Ms. C184</subfield>
    </datafield>
  </record>
  <record>
    <leader>00384nx  a22001211n 4500</leader>
    <controlfield tag="001">22358543270001488</controlfield>
    <controlfield tag="004">9992133560601488</controlfield>
    <controlfield tag="005">20151201221602.0</controlfield>
    <controlfield tag="008">1011252u    8   4001uueng0000000</controlfield>
    <datafield ind1=" " ind2=" " tag="852">
      <subfield code="b">BIBC</subfield>
      <subfield code="c">BRES</subfield>
      <subfield code="l">UCL</subfield>
    </datafield>
    <datafield ind1=" " ind2=" " tag="935">
      <subfield code="a">DIGI_0033_0503</subfield>
    </datafield>
    <datafield ind1=" " ind2=" " tag="949">
      <subfield code="a">UBKUL collegedictaten 2015 UCL</subfield>
    </datafield>
    <datafield ind1=" " ind2=" " tag="949">
      <subfield code="a">Fonds InBev-Baillet Latour</subfield>
    </datafield>
    <datafield ind1=" " ind2=" " tag="949">
      <subfield code="a">UBD metadata collegedictaten 2015 maart 18</subfield>
    </datafield>
    <datafield ind1=" " ind2=" " tag="962">
      <subfield code="a">Archives de l'Université catholique de Louvain</subfield>
      <subfield code="b">Ms. C3</subfield>
    </datafield>
  </record>
  <record>
    <leader>00386nx  a22001211n 4500</leader>
    <controlfield tag="001">22359076770001488</controlfield>
    <controlfield tag="004">9992136105801488</controlfield>
    <controlfield tag="005">20151201221901.0</controlfield>
    <controlfield tag="008">1011252u    8   4001uueng0000000</controlfield>
    <datafield ind1=" " ind2=" " tag="852">
      <subfield code="b">BIBC</subfield>
      <subfield code="c">BRES</subfield>
      <subfield code="l">UCL</subfield>
    </datafield>
    <datafield ind1=" " ind2=" " tag="935">
      <subfield code="a">DIGI_0033_0610</subfield>
    </datafield>
    <datafield ind1=" " ind2=" " tag="949">
      <subfield code="a">UBKUL collegedictaten 2015 UCL</subfield>
    </datafield>
    <datafield ind1=" " ind2=" " tag="949">
      <subfield code="a">Fonds InBev-Baillet Latour</subfield>
    </datafield>
    <datafield ind1=" " ind2=" " tag="949">
      <subfield code="a">UBD metadata collegedictaten 2015 april 03</subfield>
    </datafield>
    <datafield ind1=" " ind2=" " tag="962">
      <subfield code="a">Archives de l'Université catholique de Louvain</subfield>
      <subfield code="b">Ms. C110</subfield>
    </datafield>
  </record>
  <record>
    <leader>00385nx  a22001211n 4500</leader>
    <controlfield tag="001">22358741060001488</controlfield>
    <controlfield tag="004">9992134685601488</controlfield>
    <controlfield tag="005">20151201221739.0</controlfield>
    <controlfield tag="008">1011252u    8   4001uueng0000000</controlfield>
    <datafield ind1=" " ind2=" " tag="852">
      <subfield code="b">BIBC</subfield>
      <subfield code="c">BRES</subfield>
      <subfield code="l">UCL</subfield>
    </datafield>
    <datafield ind1=" " ind2=" " tag="935">
      <subfield code="a">DIGI_0033_0566</subfield>
    </datafield>
    <datafield ind1=" " ind2=" " tag="949">
      <subfield code="a">UBKUL collegedictaten 2015 UCL</subfield>
    </datafield>
    <datafield ind1=" " ind2=" " tag="949">
      <subfield code="a">Fonds InBev-Baillet Latour</subfield>
    </datafield>
    <datafield ind1=" " ind2=" " tag="949">
      <subfield code="a">UBD metadata collegedictaten 2015 maart 25</subfield>
    </datafield>
    <datafield ind1=" " ind2=" " tag="962">
      <subfield code="a">Archives de l'Université catholique de Louvain</subfield>
      <subfield code="b">Ms. C66</subfield>
    </datafield>
  </record>
  <record>
    <leader>00386nx  a22001211n 4500</leader>
    <controlfield tag="001">22359481850001488</controlfield>
    <controlfield tag="004">9992136995601488</controlfield>
    <controlfield tag="005">20151201221950.0</controlfield>
    <controlfield tag="008">1011252u    8   4001uueng0000000</controlfield>
    <datafield ind1=" " ind2=" " tag="852">
      <subfield code="b">BIBC</subfield>
      <subfield code="c">BRES</subfield>
      <subfield code="l">UCL</subfield>
    </datafield>
    <datafield ind1=" " ind2=" " tag="935">
      <subfield code="a">DIGI_0033_0690</subfield>
    </datafield>
    <datafield ind1=" " ind2=" " tag="949">
      <subfield code="a">UBKUL collegedictaten 2015 UCL</subfield>
    </datafield>
    <datafield ind1=" " ind2=" " tag="949">
      <subfield code="a">Fonds InBev-Baillet Latour</subfield>
    </datafield>
    <datafield ind1=" " ind2=" " tag="949">
      <subfield code="a">UBD metadata collegedictaten 2015 april 17</subfield>
    </datafield>
    <datafield ind1=" " ind2=" " tag="962">
      <subfield code="a">Archives de l'Université catholique de Louvain</subfield>
      <subfield code="b">Ms. C190</subfield>
    </datafield>
  </record>
  <record>
    <leader>00386nx  a22001211n 4500</leader>
    <controlfield tag="001">22359399620001488</controlfield>
    <controlfield tag="004">9992136798801488</controlfield>
    <controlfield tag="005">20151201221947.0</controlfield>
    <controlfield tag="008">1011252u    8   4001uueng0000000</controlfield>
    <datafield ind1=" " ind2=" " tag="852">
      <subfield code="b">BIBC</subfield>
      <subfield code="c">BRES</subfield>
      <subfield code="l">UCL</subfield>
    </datafield>
    <datafield ind1=" " ind2=" " tag="935">
      <subfield code="a">DIGI_0033_0679</subfield>
    </datafield>
    <datafield ind1=" " ind2=" " tag="949">
      <subfield code="a">UBKUL collegedictaten 2015 UCL</subfield>
    </datafield>
    <datafield ind1=" " ind2=" " tag="949">
      <subfield code="a">Fonds InBev-Baillet Latour</subfield>
    </datafield>
    <datafield ind1=" " ind2=" " tag="949">
      <subfield code="a">UBD metadata collegedictaten 2015 april 15</subfield>
    </datafield>
    <datafield ind1=" " ind2=" " tag="962">
      <subfield code="a">Archives de l'Université catholique de Louvain</subfield>
      <subfield code="b">Ms. C179</subfield>
    </datafield>
  </record>
  <record>
    <leader>00387nx  a22001211n 4500</leader>
    <controlfield tag="001">22358355610001488</controlfield>
    <controlfield tag="004">9992133262401488</controlfield>
    <controlfield tag="005">20151201221454.0</controlfield>
    <controlfield tag="008">1011252u    8   4001uueng0000000</controlfield>
    <datafield ind1=" " ind2=" " tag="852">
      <subfield code="b">BIBC</subfield>
      <subfield code="c">BRES</subfield>
      <subfield code="l">UCL</subfield>
    </datafield>
    <datafield ind1=" " ind2=" " tag="935">
      <subfield code="a">DIGI_0033_0529</subfield>
    </datafield>
    <datafield ind1=" " ind2=" " tag="949">
      <subfield code="a">UBKUL collegedictaten 2015 UCL</subfield>
    </datafield>
    <datafield ind1=" " ind2=" " tag="949">
      <subfield code="a">Fonds InBev-Baillet Latour</subfield>
    </datafield>
    <datafield ind1=" " ind2=" " tag="949">
      <subfield code="a">UBD metadata collegedictataten 2015 maart 12</subfield>
    </datafield>
    <datafield ind1=" " ind2=" " tag="962">
      <subfield code="a">Archives de l'Université catholique de Louvain</subfield>
      <subfield code="b">Ms. C29</subfield>
    </datafield>
  </record>
  <record>
    <leader>00384nx  a22001211n 4500</leader>
    <controlfield tag="001">22359037720001488</controlfield>
    <controlfield tag="004">9992135452901488</controlfield>
    <controlfield tag="005">20151201221853.0</controlfield>
    <controlfield tag="008">1011252u    8   4001uueng0000000</controlfield>
    <datafield ind1=" " ind2=" " tag="852">
      <subfield code="b">BIBC</subfield>
      <subfield code="c">BRES</subfield>
      <subfield code="l">UCL</subfield>
    </datafield>
    <datafield ind1=" " ind2=" " tag="935">
      <subfield code="a">DIGI_0033_0597</subfield>
    </datafield>
    <datafield ind1=" " ind2=" " tag="949">
      <subfield code="a">UBKUL collegedictaten 2015 UCL</subfield>
    </datafield>
    <datafield ind1=" " ind2=" " tag="949">
      <subfield code="a">Fonds InBev-Baillet Latour</subfield>
    </datafield>
    <datafield ind1=" " ind2=" " tag="949">
      <subfield code="a">UBD metadata collegedictaten 2015 aril 01</subfield>
    </datafield>
    <datafield ind1=" " ind2=" " tag="962">
      <subfield code="a">Archives de l'Université catholique de Louvain</subfield>
      <subfield code="b">Ms. C97</subfield>
    </datafield>
  </record>
  <record>
    <leader>00386nx  a22001211n 4500</leader>
    <controlfield tag="001">22359071390001488</controlfield>
    <controlfield tag="004">9992136094301488</controlfield>
    <controlfield tag="005">20151201221900.0</controlfield>
    <controlfield tag="008">1011252u    8   4001uueng0000000</controlfield>
    <datafield ind1=" " ind2=" " tag="852">
      <subfield code="b">BIBC</subfield>
      <subfield code="c">BRES</subfield>
      <subfield code="l">UCL</subfield>
    </datafield>
    <datafield ind1=" " ind2=" " tag="935">
      <subfield code="a">DIGI_0033_0645</subfield>
    </datafield>
    <datafield ind1=" " ind2=" " tag="949">
      <subfield code="a">UBKUL collegedictaten 2015 UCL</subfield>
    </datafield>
    <datafield ind1=" " ind2=" " tag="949">
      <subfield code="a">Fonds InBev-Baillet Latour</subfield>
    </datafield>
    <datafield ind1=" " ind2=" " tag="949">
      <subfield code="a">UBD metadata collegedictaten 2015 april 08</subfield>
    </datafield>
    <datafield ind1=" " ind2=" " tag="962">
      <subfield code="a">Archives de l'Université catholique de Louvain</subfield>
      <subfield code="b">Ms. C145</subfield>
    </datafield>
  </record>
  <record>
    <leader>00385nx  a22001211n 4500</leader>
    <controlfield tag="001">22358797260001488</controlfield>
    <controlfield tag="004">9992134347801488</controlfield>
    <controlfield tag="005">20151201221809.0</controlfield>
    <controlfield tag="008">1011252u    8   4001uueng0000000</controlfield>
    <datafield ind1=" " ind2=" " tag="852">
      <subfield code="b">BIBC</subfield>
      <subfield code="c">BRES</subfield>
      <subfield code="l">UCL</subfield>
    </datafield>
    <datafield ind1=" " ind2=" " tag="935">
      <subfield code="a">DIGI_0033_0586</subfield>
    </datafield>
    <datafield ind1=" " ind2=" " tag="949">
      <subfield code="a">UBKUL collegedictaten 2015 UCL</subfield>
    </datafield>
    <datafield ind1=" " ind2=" " tag="949">
      <subfield code="a">Fonds InBev-Baillet Latour</subfield>
    </datafield>
    <datafield ind1=" " ind2=" " tag="949">
      <subfield code="a">UBD metadata collegedictaten 2015 maart 26</subfield>
    </datafield>
    <datafield ind1=" " ind2=" " tag="962">
      <subfield code="a">Archives de l'Université catholique de Louvain</subfield>
      <subfield code="b">Ms. C86</subfield>
    </datafield>
  </record>
  <record>
    <leader>00386nx  a22001211n 4500</leader>
    <controlfield tag="001">22359397270001488</controlfield>
    <controlfield tag="004">9992136545901488</controlfield>
    <controlfield tag="005">20151201221947.0</controlfield>
    <controlfield tag="008">1011252u    8   4001uueng0000000</controlfield>
    <datafield ind1=" " ind2=" " tag="852">
      <subfield code="b">BIBC</subfield>
      <subfield code="c">BRES</subfield>
      <subfield code="l">UCL</subfield>
    </datafield>
    <datafield ind1=" " ind2=" " tag="935">
      <subfield code="a">DIGI_0033_0674</subfield>
    </datafield>
    <datafield ind1=" " ind2=" " tag="949">
      <subfield code="a">UBKUL collegedictaten 2015 UCL</subfield>
    </datafield>
    <datafield ind1=" " ind2=" " tag="949">
      <subfield code="a">Fonds InBev-Baillet Latour</subfield>
    </datafield>
    <datafield ind1=" " ind2=" " tag="949">
      <subfield code="a">UBD metadata collegedictaten 2015 april 11</subfield>
    </datafield>
    <datafield ind1=" " ind2=" " tag="962">
      <subfield code="a">Archives de l'Université catholique de Louvain</subfield>
      <subfield code="b">Ms. C174</subfield>
    </datafield>
  </record>
  <record>
    <leader>00385nx  a22001211n 4500</leader>
    <controlfield tag="001">22358694400001488</controlfield>
    <controlfield tag="004">9992134603301488</controlfield>
    <controlfield tag="005">20151201221723.0</controlfield>
    <controlfield tag="008">1011252u    8   4001uueng0000000</controlfield>
    <datafield ind1=" " ind2=" " tag="852">
      <subfield code="b">BIBC</subfield>
      <subfield code="c">BRES</subfield>
      <subfield code="l">UCL</subfield>
    </datafield>
    <datafield ind1=" " ind2=" " tag="935">
      <subfield code="a">DIGI_0033_0550</subfield>
    </datafield>
    <datafield ind1=" " ind2=" " tag="949">
      <subfield code="a">UBKUL collegedictaten 2015 UCL</subfield>
    </datafield>
    <datafield ind1=" " ind2=" " tag="949">
      <subfield code="a">Fonds InBev-Baillet Latour</subfield>
    </datafield>
    <datafield ind1=" " ind2=" " tag="949">
      <subfield code="a">UBD metadata collegedictaten 2015 maart 24</subfield>
    </datafield>
    <datafield ind1=" " ind2=" " tag="962">
      <subfield code="a">Archives de l'Université catholique de Louvain</subfield>
      <subfield code="b">Ms. C50</subfield>
    </datafield>
  </record>
  <record>
    <leader>00386nx  a22001211n 4500</leader>
    <controlfield tag="001">22359296790001488</controlfield>
    <controlfield tag="004">9992136083201488</controlfield>
    <controlfield tag="005">20151201221945.0</controlfield>
    <controlfield tag="008">1011252u    8   4001uueng0000000</controlfield>
    <datafield ind1=" " ind2=" " tag="852">
      <subfield code="b">BIBC</subfield>
      <subfield code="c">BRES</subfield>
      <subfield code="l">UCL</subfield>
    </datafield>
    <datafield ind1=" " ind2=" " tag="935">
      <subfield code="a">DIGI_0033_0660</subfield>
    </datafield>
    <datafield ind1=" " ind2=" " tag="949">
      <subfield code="a">UBKUL collegedictaten 2015 UCL</subfield>
    </datafield>
    <datafield ind1=" " ind2=" " tag="949">
      <subfield code="a">Fonds InBev-Baillet Latour</subfield>
    </datafield>
    <datafield ind1=" " ind2=" " tag="949">
      <subfield code="a">UBD metadata collegedictaten 2015 april 10</subfield>
    </datafield>
    <datafield ind1=" " ind2=" " tag="962">
      <subfield code="a">Archives de l'Université catholique de Louvain</subfield>
      <subfield code="b">Ms. C160</subfield>
    </datafield>
  </record>
  <record>
    <leader>00386nx  a22001211n 4500</leader>
    <controlfield tag="001">22359508460001488</controlfield>
    <controlfield tag="004">9992136989801488</controlfield>
    <controlfield tag="005">20151201222029.0</controlfield>
    <controlfield tag="008">1011252u    8   4001uueng0000000</controlfield>
    <datafield ind1=" " ind2=" " tag="852">
      <subfield code="b">BIBC</subfield>
      <subfield code="c">BRES</subfield>
      <subfield code="l">UCL</subfield>
    </datafield>
    <datafield ind1=" " ind2=" " tag="935">
      <subfield code="a">DIGI_0033_0698</subfield>
    </datafield>
    <datafield ind1=" " ind2=" " tag="949">
      <subfield code="a">UBKUL collegedictaten 2015 UCL</subfield>
    </datafield>
    <datafield ind1=" " ind2=" " tag="949">
      <subfield code="a">Fonds InBev-Baillet Latour</subfield>
    </datafield>
    <datafield ind1=" " ind2=" " tag="949">
      <subfield code="a">UBD metadata collegedictaten 2015 april 17</subfield>
    </datafield>
    <datafield ind1=" " ind2=" " tag="962">
      <subfield code="a">Archives de l'Université catholique de Louvain</subfield>
      <subfield code="b">Ms. C198</subfield>
    </datafield>
  </record>
  <record>
    <leader>00386nx  a22001211n 4500</leader>
    <controlfield tag="001">22359297330001488</controlfield>
    <controlfield tag="004">9992136085301488</controlfield>
    <controlfield tag="005">20151201221946.0</controlfield>
    <controlfield tag="008">1011252u    8   4001uueng0000000</controlfield>
    <datafield ind1=" " ind2=" " tag="852">
      <subfield code="b">BIBC</subfield>
      <subfield code="c">BRES</subfield>
      <subfield code="l">UCL</subfield>
    </datafield>
    <datafield ind1=" " ind2=" " tag="935">
      <subfield code="a">DIGI_0033_0659</subfield>
    </datafield>
    <datafield ind1=" " ind2=" " tag="949">
      <subfield code="a">UBKUL collegedictaten 2015 UCL</subfield>
    </datafield>
    <datafield ind1=" " ind2=" " tag="949">
      <subfield code="a">Fonds InBev-Baillet Latour</subfield>
    </datafield>
    <datafield ind1=" " ind2=" " tag="949">
      <subfield code="a">UBD metadata collegedictaten 2015 april 10</subfield>
    </datafield>
    <datafield ind1=" " ind2=" " tag="962">
      <subfield code="a">Archives de l'Université catholique de Louvain</subfield>
      <subfield code="b">Ms. C159</subfield>
    </datafield>
  </record>
  <record>
    <leader>00386nx  a22001211n 4500</leader>
    <controlfield tag="001">22359072930001488</controlfield>
    <controlfield tag="004">9992136098101488</controlfield>
    <controlfield tag="005">20151201221901.0</controlfield>
    <controlfield tag="008">1011252u    8   4001uueng0000000</controlfield>
    <datafield ind1=" " ind2=" " tag="852">
      <subfield code="b">BIBC</subfield>
      <subfield code="c">BRES</subfield>
      <subfield code="l">UCL</subfield>
    </datafield>
    <datafield ind1=" " ind2=" " tag="935">
      <subfield code="a">DIGI_0033_0615</subfield>
    </datafield>
    <datafield ind1=" " ind2=" " tag="949">
      <subfield code="a">UBKUL collegedictaten 2015 UCL</subfield>
    </datafield>
    <datafield ind1=" " ind2=" " tag="949">
      <subfield code="a">Fonds InBev-Baillet Latour</subfield>
    </datafield>
    <datafield ind1=" " ind2=" " tag="949">
      <subfield code="a">UBD metadata collegedictaten 2015 april 07</subfield>
    </datafield>
    <datafield ind1=" " ind2=" " tag="962">
      <subfield code="a">Archives de l'Université catholique de Louvain</subfield>
      <subfield code="b">Ms. C115</subfield>
    </datafield>
  </record>
  <record>
    <leader>00391nx  a22001211n 4500</leader>
    <controlfield tag="001">22359035140001488</controlfield>
    <controlfield tag="004">9992135447901488</controlfield>
    <controlfield tag="005">20151201221852.0</controlfield>
    <controlfield tag="008">1011252u    8   4001uueng0000000</controlfield>
    <datafield ind1=" " ind2=" " tag="852">
      <subfield code="b">BIBC</subfield>
      <subfield code="c">BRES</subfield>
      <subfield code="l">UCL</subfield>
    </datafield>
    <datafield ind1=" " ind2=" " tag="935">
      <subfield code="a">DIGI_0033_0600</subfield>
    </datafield>
    <datafield ind1=" " ind2=" " tag="949">
      <subfield code="a">UBKUL collegedictaten 2015 UCL</subfield>
    </datafield>
    <datafield ind1=" " ind2=" " tag="949">
      <subfield code="a">Fonds InBev-Baillet Latour</subfield>
    </datafield>
    <datafield ind1=" " ind2=" " tag="949">
      <subfield code="a">UBD metadata collegedictaten 2015 maartapril 01</subfield>
    </datafield>
    <datafield ind1=" " ind2=" " tag="962">
      <subfield code="a">Archives de l'Université catholique de Louvain</subfield>
      <subfield code="b">Ms. C100</subfield>
    </datafield>
  </record>
  <record>
    <leader>00386nx  a22001211n 4500</leader>
    <controlfield tag="001">22359284840001488</controlfield>
    <controlfield tag="004">9992135943601488</controlfield>
    <controlfield tag="005">20151201221943.0</controlfield>
    <controlfield tag="008">1011252u    8   4001uueng0000000</controlfield>
    <datafield ind1=" " ind2=" " tag="852">
      <subfield code="b">BIBC</subfield>
      <subfield code="c">BRES</subfield>
      <subfield code="l">UCL</subfield>
    </datafield>
    <datafield ind1=" " ind2=" " tag="935">
      <subfield code="a">DIGI_0033_0655</subfield>
    </datafield>
    <datafield ind1=" " ind2=" " tag="949">
      <subfield code="a">UBKUL collegedictaten 2015 UCL</subfield>
    </datafield>
    <datafield ind1=" " ind2=" " tag="949">
      <subfield code="a">Fonds InBev-Baillet Latour</subfield>
    </datafield>
    <datafield ind1=" " ind2=" " tag="949">
      <subfield code="a">UBD metadata collegedictaten 2015 april 09</subfield>
    </datafield>
    <datafield ind1=" " ind2=" " tag="962">
      <subfield code="a">Archives de l'Université catholique de Louvain</subfield>
      <subfield code="b">Ms. C155</subfield>
    </datafield>
  </record>
</collection>
